2700 4732
141 287 309 364 nosv.
726 385 731 391 .
1112 287 1156 356 so

102 496 185 557 tuto
218 483 314 577 prius
337 480 440 577 edito
470 480 515 547 de
546 499 658 571 pensa
697 466 946 551 exercitiorum
981 481 1152 574 magister
1240 483 1241 486 ’
1322 489 1324 492 ’

100 607 260 677 cuilibet
285 628 345 675 suo
373 591 589 672 combursuli
618 623 735 669 secum
763 603 882 686 stanti,
906 605 944 672 in
973 591 1152 674 exercitiis

99 728 217 796 solum
233 725 418 794 remittere
440 722 570 790 debeat
589 722 733 791 tertiam
748 732 889 814 partem
906 717 979 814 tam
998 727 1035 793 in
1053 749 1151 809 exer·
1177 743 1179 749 '
1306 786 1310 801 „

101 847 195 918 citio
215 843 504 938 philosophicali
523 841 582 910 vel
600 843 740 926 morali,
759 867 865 932 quarn
884 845 1049 938 logicali.

602 985 663 1058 37.
910 1058 912 1063 .

122 1103 188 1185 De
225 1102 438 1227 diuersitate
476 1095 647 1178 horarum
673 1120 745 1206 pro
770 1075 951 1185 exercitiis
975 1104 1126 1210 ,deputa-

552 1243 690 1306 tarum.

196 1375 290 1444 Item
326 1377 365 1444 in
392 1374 565 1451 decanatu
588 1377 752 1467 magistri
785 1379 932 1449 Joannis
958 1362 1065 1448 Elias
1089 1379 1150 1448 19·

95 1495 163 1568 die
193 1499 322 1567 mensis
355 1495 522 1567 Octobris
558 1503 760 1570 conclusum
791 1487 867 1569 fuit
902 1503 948 1570 ad
985 1503 1148 1594 probam»

102 1618 386 1709 quod-quilibet
404 1618 575 1710 magister
592 1619 715 1689 volens
740 1620 914 1694 exercitia
937 1629 1071 1700 tenere,
1093 1642 1147 1689 so·

96 1738 176 1809 lum
204 1739 251 1808 de
274 1759 423 1831 vespere
446 1736 544 1806 horis
574 1742 634 1809 22.
665 1726 785 1818 81'23.
817 1742 987 1810 exercitia
1013 1747 1148 1817 teneat,

96 1855 133 1931 δι
161 1844 234 1929 ιιόιι
260 1858 342 1926 aliis
372 1856 472 1925 horis
504 1868 604 1927 extra
628 1858 710 1927 illos
741 1862 913 1929 exercitia
948 1869 1080 1947 teneat,
1114 1858 1147 1932 8⁶
1250 1945 1252 1951 ,

98 1976 197 2068 quod
217 1954 370 2066 quilibet
389 1979 559 2068 magister
588 2001 655 2069 per
686 1979 791 2047 illum
820 1981 978 2050 medium
1008 2002 1147 2062 annum,

106 2097 136 2164 si
158 2098 298 2189 placet,
329 2099 451 2166 diebus
474 2098 642 2167 Sabbatis
675 2102 846 2169 exercitia
865 2109 988 2170 tenere
1016 2107 1147 2192 potest,

95 2217 133 2292 ὣ
158 2221 188 2304 si
208 2219 403 2310 disputatio
424 2219 604 2288 ordinaria
627 2221 665 2288 in
690 2221 820 2290 feriam
853 2233 989 2290 sextam
1020 2247 1146 2292 evene·

100 2343 166 2425 rit,
189 2341 267 2434 ipso
294 2341 353 2408 die
379 2341 550 2409 exercitia
570 2343 685 2411 teneri
700 2352 861 2438 possunt,
893 2343 944 2408 sic
973 2347 1069 2430 quod
1090 2351 1145 2413 ter

95 2464 138 2532 in
156 2463 366 2554 septimana,
387 2463 423 2531 in
443 2462 692 2556 philosophia,
715 2474 750 2532 et
771 2459 826 2531 ter
846 2465 1015 2532 similiter
1033 2464 1070 2532 in
1091 2465 1145 2533 lo-

93 2582 181 2676 gion
193 2581 402 2673 disputetur,
425 2581 456 2653 81
471 2580 539 2652 hoo
552 2595 721 2653 statutum
735 2584 935 2653 conclusum
956 2584 1023 2652 fuit
1034 2585 1145 2655 solum

96 2704 147 2776 ad
174 2707 326 2798 probam
360 2730 427 2798 per
468 2707 572 2777 istum
603 2701 759 2776 meilium
797 2729 923 2776 annum
958 2706 1144 2781 decanatus

96 2828 258 2912 ejusdem
284 2829 472 2921 magistri3
498 2829 562 2897 sed
582 2830 619 2897 in
641 2829 758 2898 medio
779 2853 872 2899 anno
891 2829 1049 2917 sequenti
1070 2851 1143 2897 ma·

92 2947 215 3039 gistro
240 2947 401 3021 Heurioo
424 2927 693 3020 de‘Ribbenicz
720 2952 892 3018 existente
927 2951 1063 3020 decano
1089 2950 1144 3021 fa·

98 3071 245 3141 oultatis
284 3075 411 3143 artium
451 3073 649 3144 conclusum
678 3073 746 3142 fuit
775 3071 942 3155 similiter
978 3074 1024 3140 ad
1060 3096 1142 3165 pro·

95 3197 194 3278 bam,
218 3196 314 3288 quod
344 3197 499 3286 quilibet
532 3197 700 3289 magister
733 3194 860 3291 volens
892 3205 1013 3264 tenere
1042 3218 1141 3267 exer·

96 3320 195 3405 citio,
221 3320 335 3389 solum
356 3319 403 3387 de
421 3339 572 3411 vespere
594 3316 692 3384 horis
716 3314 844 3386 duabus
866 3316 1038 3408 proximis
1059 3323 1141 3383 ante

95 3465 245 3510 coenam
275 3443 312 3510 in
345 3452 480 3511 aestate
508 3442 574 3518 20.
611 3434 729 3520 8ι21.
755 3437 853 3509 horis
882 3436 913 3508 tr
945 3437 981 3505 in
1006 3424 1163 3528 hyeme

94 3567 160 3640 22.
179 3564 211 3635 h
230 3567 303 3649 23„
322 3575 428 3660 prout
448 3566 710 3661 praescriptum
734 3571 798 3645 est,
827 3563 998 3630 exercitia
1020 3567 1141 3629 teneat

94 3692 208 3760 tribus
242 3691 365 3760 diebu
399 3691 437 3758 in
465 3692 583 3781 logica
611 3686 644 3759 8⁵
680 3688 792 3755 tribus
824 3689 862 3752 in
893 3681 1140 3778 philosophia,

93 3815 271 3887 exercitio
304 3813 519 3909 sophistriae
540 3823 703 3908 excepto,
724 3810 817 3901 quod
830 3808 926 3880 omni
947 3808 1006 3875 die
1026 3806 1064 3874 in
1082 3828 1138 3872 ae-

92 3954 188 4015 state
221 3944 316 4011 etin
342 3938 475 4031 hyeme
500 3946 622 4031 potest
646 3935 854 4014 continuari,
874 3935 973 4018 juxta
991 3926 1141 3995 formam

89 4068 248 4142 inferius
268 4062 440 4159 scriptam
469 4065 565 4133 circu
594 4069 762 4137 statutum
794 4059 841 4128 de
864 4052 992 4162 eodem
1021 4050 1058 4117 in
1078 4048 1139 4116 de-
