2714 4740
145 259 211 329 ³1,

155 457 310 544 propter
335 439 624 518 concurrentiam.
641 433 680 506 in
697 430 879 519 ordinario
896 430 1009 503 minio
1026 429 1208 502 ultrum

153 571 346 652 laborare,
382 576 487 655 atque
511 561 621 631 etiam
647 555 779 628 librum
804 557 936 636 istum,
962 556 1000 623 in
1027 572 1098 641 quo
1120 574 1208 623 cou-

157 693 278 776 currit,
304 691 523 779 aliquatenus
543 695 764 782 postponere
788 682 864 752 sine
882 680 1035 775 speciali
1055 680 1208 752 licentia

152 812 343 901 facultatis,
353 827 398 889 «et
410 827 545 891 extunc
560 815 802 890 concurrentia
819 814 898 898 sibi,
918 833 1023 904 quarn
1041 811 1208 904 petierit,

150 943 382 1025 concedatur,
409 964 454 1010 eo
480 949 599 1007 tamen
615 936 724 1020 salvo,
754 936 848 1026 quod
871 944 1006 1006 tanturn
1025 932 1096 1003 duo
1126 950 1206 1007 curn

149 1064 259 1134 tertio
289 1061 432 1131 scilicet
465 1059 661 1130 ordinario.
681 1066 918 1141 concurrant,
968 1080 1035 1125 nec
1070 1057 1205 1148 aliquia

148 1159 277 1279 possit,
301 1207 379 1257 cum
414 1182 603 1275 pluribus,
658 1203 761 1269 quarn
802 1180 934 1252 duobus
976 1203 1204 1260 concurrere,

89 1321 91 1324 ’
149 1305 196 1373 lu
224 1305 292 1399 tali
323 1313 440 1376 autem
473 1325 641 1379 concursu
681 1298 880 1373 ordinarius
908 1303 1061 1373 habebit
1085 1304 1205 1375 locun

150 1426 312 1519 eligendi
332 1407 459 1496 hoiarn
484 1436 522 1495 et
542 1424 683 1497 scholas
693 1478 703 1511 ‚
732 1412 769 1496 in
796 1451 861 1517 qua
880 1426 969 1498 hora
991 1426 1110 1496 nullus
1134 1425 1205 1497 sibi

138 1548 434 1647 =concurrentium
447 1550 546 1642 legat
567 1573 626 1625 seu
641 1552 765 1643 legere
788 1550 910 1623 debet.
938 1549 982 1617 In
1002 1546 1072 1617 hac
1094 1549 1204 1619 etiarn

151 1671 399 1751 concurrentia
424 1670 522 1740 locus
547 1693 623 1740 esse
641 1670 749 1740 debet
773 1669 1020 1763 praeventioni
1043 1674 1081 1738 et
1097 1667 1204 1743 etiam

151 1770 412 1884 gratificationi
433 1791 626 1877 facultatis,
648 1793 678 1860 si
697 1793 821 1886 plures
844 1796 946 1882 quam
968 1790 1038 1861 duo
1057 1794 1203 1861 concur·

151 1937 229 1993 suin
262 1913 436 2006 petierint
456 1914 503 1982 ad
521 1908 698 1989 eundemg,
729 1914 826 1983 item
846 1938 914 2006 pro
935 1922 1018 1984 tunc
1038 1919 1203 1984 statutum

152 2035 219 2115 fuit
247 2014 288 2100 et
319 2037 538 2120 conclusum,
581 2038 674 2127 quod
707 2037 825 2110 nullus
856 2038 1024 2106 inantea
1054 2035 1204 2105 deberat

153 2181 364 2228 concurrere
391 2182 469 2230 cum
490 2160 669 2230 ordinarie
693 2160 863 2253 legente,
902 2159 970 2230 nisi
995 2166 1080 2252 post
1106 2165 1202 2228 octa·

153 2303 234 2367 vam
250 2263 482 2373 epiphaniae,
498 2305 563 2354 uec
591 2308 660 2376 pro
680 2284 929 2354 concurrentia
946 2282 1109 2352 facultati
1121 2302 1203 2376 sup·

152 2403 315 2498 plicare,
348 2427 461 2495 neque
485 2405 719 2475 intentionem
743 2428 839 2475 suam
861 2405 1100 2476 concurrendi
1117 2401 1205 2474 aliia

152 2526 341 2618 publicare
357 2535 438 2595 ante
455 2527 584 2597 festum
598 2528 795 2598 nativitatis
811 2527 959 2614 Christi,
981 2528 1062 2618 quia
1088 2549 1203 2621 prop·

153 2654 209 2718 ter
234 2650 304 2718 hoc
329 2647 422 2717 forte
440 2648 640 2719 retraheret
661 2651 797 2739 aliquos
822 2652 1071 2723 obauditione
1098 2651 1198 2721 ordi·

48 2839 52 2846 ,
154 2771 263 2850 narii.
290 2771 330 2840 Si
347 2777 475 2858 ‚autem
501 2768 634 2859 aliquis
654 2774 919 2842 convinceretur
946 2774 983 2841 in
1005 2772 1202 2865 praedictis

156 2891 366 2975 excessisse,
397 2891 641 2970 concurrentia
659 2899 740 2963 ante
762 2894 888 2966 festum
909 2891 1061 2987 Georgii
1090 2895 1205 2968 nulla·

155 3021 254 3101 tenus
275 3014 346 3082 sibi
369 3013 594 3096 concedatur.
1186 3076 1191 3083 .

207 3215 212 3225 „
251 3134 345 3202 Item
374 3135 412 3202 in
438 3120 610 3206 decanatu
639 3159 734 3228 mag.
770 3137 916 3207 Alberti
946 3138 1201 3231 Engelschalk

156 3259 225 3347 init
247 3258 468 3341 conclusum,
495 3260 589 3348 quod
605 3259 719 3332 nullus
744 3261 782 3329 in
805 3267 908 3332 antea
928 3261 1083 3332 deberet·
1097 3262 1210 3334 ordi·'

157 3382 294 3465 narium
315 3404 414 3452 suum
432 3387 649 3471 permutare.

252 3502 354 3585 Istud
367 3511 531 3575 statutum
543 3504 588 3571 de
608 3508 852 3575 concurrentia
864 3506 901 3573 in
917 3504 1090 3576 decanatu
1105 3526 1202 3598 mag.

159 3623 323 3696 Mathiae
335 3626 379 3693 de
389 3626 587 3699 Kerbelicz
600 3627 869 3719 interpretatum
882 3626 950 3694 fuit
959 3626 1109 3694 sabbato
1122 3636 1205 3692 anto

158 3746 389 3839 epiphaniae,
404 3749 497 3839 quod
507 3750 605 3836 libri,
618 3751 676 3841 qui
687 3773 758 3818 non
774 3749 966 3821 finirentur
980 3751 1052 3817 suis
1061 3722 1208 3818 statutis

159 3870 331 3958 terminis,
351 3874 425 3940 sine
436 3871 621 3964 petitionis
637 3871 883 3940 concurrentia
897 3892 964 3961 per
981 3869 1073 3938 alios
1087 3870 1206 3963 magi·

161 4001 249 4064 stros
258 4003 404 4088 possent
418 3997 505 4089 legi.
531 3994 626 4064 Item
640 3995 678 4064 in
697 3995 868 4064 decanatu
880 4011 973 4084 mag.
989 3992 1147 4064 Conradi
1159 3995 1207 4066 de

160 4095 397 4211 ’Steynsberffl
419 4118 607 4191 aliasdicti
620 4120 665 4188 de
683 4117 885 4188 Wormacia
909 4120 1039 4186 statuto
1059 4116 1107 4203 de
1120 4138 1205 4187 con·

164 4240 341 4317 currentia
351 4241 600 4334 magistrorum
620 4239 883 4331 adjectumfuit,
897 4237 992 4328 quod
1008 4236 1202 4349 antediem

600 4368 629 4422 0
