2700 4732
925 243 930 251 ’
1037 244 1105 321 bio

40 445 197 518 obtinuit
226 469 245 511 a
276 441 447 512 facultate.
474 436 733 509 dimissionem
749 418 1105 516 borsae'iecundnm

44 566 351 640 formam·statuti
382 585 460 632 cum
498 561 556 629 his
578 562 739 645 testibus,
759 563 953 636 videlicut
997 590 1101 659 mag.»

43 694 151 761 Petro
181 687 226 755 de
263 684 439 776 Logoicz„
471 692 511 755 ct
550 680 704 754 Nicolao
727 682 889 777 Crodym
919 690 1016 758 bacc.
1057 692 1097 761 iu

48 812 197 882 artibus.
1042 822 1044 826 “

48 1007 160 1152 Item
181 1085 218 1156 9.
231 1081 292 1150 die
306 1075 436 1147 mensis
455 1074 546 1144 Julii
566 1072 791 1171 facta'plena
809 1049 1094 1174 congregatione¹

45 1203 226 1271 facultatis
258 1197 412 1268 subhac
443 1195 576 1266 format
603 1199 782 1292 Magister
802 1192 1018 1270 reverende!
1046 1201 1091 1284 si·

43 1325 90 1391 tis
110 1323 219 1392 hodie
241 1321 333 1390 hora
357 1321 420 1393 17..
445 1319 483 1384 in
505 1320 658 1388 concilio
682 1319 862 1391 facultatis
896 1319 943 1390 ad
969 1294 1090 1391 viden}

45 1449 139 1527 dum,
159 1468 204 1510 an
221 1440 283 1508 alii
298 1439 440 1507 articuli
458 1439 553 1531 prius
577 1440 615 1508 in
632 1441 704 1509 alia
719 1441 992 1533 congregatione
1004 1464 1088 1535 pro-

39 1567 152 1658 positi
184 1587 250 1656 per
279 1563 303 1634 4
339 1583 458 1652 mgros
490 1560 663 1631 facultate
693 1562 881 1656 deputatos
918 1564 1091 1658 concepti

41 1689 205 1757 finaliter
232 1685 302 1753 sint
333 1682 574 1753 concludendi
616 1684 805 1772 totaliter,
830 1687 889 1754 vel
912 1686 948 1753 in
971 1697 1112 1782 partes

43 1812 108 1877 sub
135 1833 261 1902 poena,
293 1808 383 1875 sicut
405 1805 565 1899 diligitis
588 1807 717 1876 bonum
738 1808 929 1892 facultatis,
952 1819 989 1880 et
1017 1802 1098 1881 non’

44 1929 322 2001 contradicendi.
375 1927 565 1998 Conclusus
585 1936 667 1998 tunc
693 1926 766 1996 fuit
786 1928 822 1997 in
855 1927 978 1999 eadem
1001 1912 1087 2002 ¹con·

43 2053 253 2146 gregatione
277 2047 465 2115 secundum
487 2051 658 2132 majorem
692 2061 832 2141 partem
862 2051 981 2142 primo
1018 2053 1087 2120 ille

42 2176 221 2255 articulus,
241 2167 335 2257 quod
356 2168 472 2235 nullus
500 2166 607 2234 debet
633 2169 722 2259 eligi
741 2169 780 2236 in
804 2172 1087 2241 examinatorem

43 2296 406 2375 boccalnriandornm,
439 2291 505 2359 nisi
546 2291 670 2358 ordine
699 2292 816 2382 ipsum
853 2303 1088 2365 concernente

42 2425 116 2489 sine
137 2415 272 2498 fraude,
290 2415 319 2481 si
341 2435 408 2506 pro
431 2422 513 2478 tunc
535 2410 629 2479 infra
650 2432 767 2480 muros
792 2413 979 2505 Progensis
999 2419 1089 2489 civi·

43 2545 124 2612 tatis
154 2541 285 2620 fuerit,
312 2534 538 2626 responderit
564 2535 645 2626 ipso
675 2558 767 2602 anno
786 2534 824 2601 in
842 2534 1086 2628 disputatione

44 2668 85 2734 de
112 2663 287 2753 quolibet,
309 2668 344 2725 et
373 2657 609 2748 disputaverit
631 2656 807 2727 ordinarie
832 2661 932 2744 juxta
949 2669 1083 2734 statuta

41 2790 222 2859 facultatis
243 2785 373 2852 artium
391 2792 428 2852 ct
447 2781 627 2875 promissa.

137 2910 229 2976 Item
256 2908 292 2974 in
318 2906 441 2974 cadem
473 2903 749 2995 congregatione
778 2903 982 2975 conclusum
1014 2906 1082 2981 fuit

43 3042 80 3104 et
95 3042 276 3112 statutum,
299 3024 395 3117 quod
417 3038 579 3117 tempore
595 3022 786 3116 positionis
805 3027 1088 3102 examinatorum¹

42 3176 111 3248 pro
143 3149 392 3242 magistrandis
423 3148 585 3238 quolibet
613 3164 704 3214 anno
727 3143 878 3214 decanus
900 3146 1083 3223 facultatis

41 3284 214 3369 protunc
237 3272 390 3338 existens
422 3294 502 3338 cum
525 3267 548 3340 4
570 3271 682 3358 mgris
709 3288 775 3358 per
794 3264 1002 3339 facultatem
1021 3273 1096 3343 de.'

41 3396 178 3488 putatis
200 3398 235 3457 et
254 3393 322 3457 sibi
342 3391 522 3477 adjunctis
539 3384 661 3457 visitet
685 3387 1022 3462 vicecancellarinni
1046 3382 1095 3465 et‘

42 3522 161 3611 petat,
183 3508 278 3597 quod
298 3515 398 3596 Juxta
417 3523 581 3580 tenorem
605 3509 723 3578 bullae
737 3505 842 3578 datae
868 3511 906 3579 in
939 3516 1085 3614 erectio-

38 3660 123 3709 nem
159 3634 402 3701 universitatis
426 3656 497 3702 non
532 3633 623 3701 alios
654 3631 723 3699 nisi
749 3637 828 3700 actu
859 3646 1028 3726 regentes
1049 3635 1086 3702 in

40 3759 215 3830 facultate
245 3757 372 3825 artium
401 3755 440 3824 in
471 3755 675 3849 praedictos
693 3754 951 3825 examinatores
975 3755 1089 3849 eligat

41 3892 153 3970 atque
179 3880 288 3944 locet.
806 3888 809 3895 '

25 4050 29 4061 .
138 3999 235 4067 Item
255 4001 292 4067 7.
310 3995 370 4064 die
392 3995 520 4064 mensis
540 3994 764 4089 Septembris
784 3972 940 4067 «ioannes
960 3992 1094 4065 dtt'cn·'

581 4121 633 4189 22
