2700 4732
101 224 164 297 124

186 416 609 591 (summeium
645 428 1084 583 statutorum).¹

176 634 318 711 nuno
341 633 549 707 cumsur
577 625 689 710 1528.
714 628 766 703 o.
793 624 1108 729 ruouunnu.
1175 678 1180 695 .

202 780 293 852 Cum
313 777 429 847 multa
452 778 490 845 in
513 776 653 847 statutis
663 772 816 862 antiquis
836 772 1074 864 reperiantm,
1087 768 1163 863 qui·

106 900 170 973 bus
186 908 304 970 aetate
325 906 446 969 nostra
465 921 536 967 non
554 896 695 978 utimur,
720 891 780 976 fit,
804 900 844 962 ut
861 914 981 961 errore
1001 914 1163 961 nouum·

107 1044 214 1112 quiam
238 1024 426 1116 capiantur
449 1019 582 1088 decani
608 1018 668 1087 vel
690 1017 729 1086 in
753 1014 976 1084 inveniendis
998 1014 1084 1085 otiis
1101 1036 1164 1085 nc·

109 1145 282 1226 ceumiis,
298 1143 358 1211 vel
371 1142 407 1210 in
422 1140 666 1215 ommittendis
678 1138 862 1231 superfluis
873 1137 982 1205 etiam
1001 1158 1073 1229 per
1090 1160 1165 1207 ma·

109 1246 206 1337 dores
222 1272 358 1333 nostros
371 1262 566 1353 abrogatis.
617 1264 733 1350 Quare
750 1256 841 1327 haec
863 1257 1073 1325 brevissima
1090 1278 1166 1327 mo-

65 1360 67 1369 Ι
112 1389 243 1458 desnos
257 1384 410 1453 decanos
423 1382 677 1451 concernentia
697 1401 741 1448 ex
756 1378 895 1448 statutis
910 1378 1066 1467 antiquit
1081 1398 1166 1473 pro·

112 1508 299 1580 lixioribus
318 1505 473 1575 collecta
493 1504 626 1574 auxilio
649 1502 720 1572 sint
742 1501 921 1593 cupimus.
1104 1580 1108 1585 Ι

210 1628 399 1721 Principio
414 1627 460 1696 de
476 1626 663 1709 electione,
682 1623 817 1707 officio,
838 1622 1091 1711 jurisdictione
1103 1616 1172 1697 dc?

117 1752 209 1835 cani,
227 1775 296 1843 quo
307 1761 414 1848 pacto
435 1757 543 1824 etiam
564 1759 694 1825 debeat
712 1777 854 1825 monere
869 1776 951 1824 ven.
972 1752 1168 1845 magistros

117 1874 167 1942 ad
198 1873 372 1944 lectiones
404 1884 510 1964 atque
544 1876 804 1969 disputationes
826 1873 1028 1945 ordinarias
1052 1872 1169 1941 conti·

122 1997 291 2077 uuandas‚
314 2016 393 2068 cum
420 2004 520 2065 recte
538 1994 606 2071 fol.
630 1997 694 2078 13.
716 1999 821 2090 (pag.
845 1999 906 2069 37.
927 1988 1031 2089 sqq.)
1050 1988 1171 2085 expri-

122 2123 248 2197 matur,
268 2139 339 2185 nou
359 2115 513 2200 videtur,
533 2140 593 2186 cur
616 2116 674 2184 hic
697 2118 925 2209 depingatur.

219 2236 313 2305 Item
333 2238 484 2308 decanus
504 2248 642 2306 tenetur
665 2261 886 2330 congregare
897 2237 1094 2331 ,magistros
1107 2261 1172 2333 po·

123 2357 249 2428 stridis
270 2380 300 2437 ε.
317 2358 433 2443 Galli,
452 2360 618 2441 similiter
639 2359 804 2454 Georgii,
824 2360 1088 2450 admonereque
1104 2381 1172 2457 pro

124 2482 338 2552 lectionibus
361 2481 553 2575 eligendis,
580 2478 945 2577 disputationibusque
966 2482 1172 2553 continmu·

124 2601 182 2668 dis
205 2601 273 2670 fol.
288 2597 351 2675 25.
371 2596 478 2695 (pag.
501 2602 593 2690 82).
625 2603 681 2672 De
704 2601 1173 2695 extraordinariisdisputa·

123 2723 278 2795 tionibus
312 2725 489 2814 quaternis
530 2723 601 2801 fol.
642 2724 703 2801 18.
739 2723 840 2818 (pag.
868 2720 948 2815 58.)
981 2726 1170 2815 scribitru3

126 2820 350 2913 immutatum
372 2853 492 2913 tamen
509 2852 574 2931 est,
600 2868 738 2939 proque
752 2846 937 2916 octonaria
964 2845 1171 2939 disputatio·

127 2987 173 3034 ne
193 2972 293 3034 terna
315 2960 426 3034 hodie
445 2983 646 3060 usurpatur.

226 3086 364 3155 Decani
388 3096 441 3155 est
469 3087 528 3155 die
555 3087 705 3159 Veneris
727 3092 808 3157 ante
829 3086 1049 3157 dominicam
1070 3084 1170 3157 Iuro·

131 3206 230 3275 cavit
247 3207 395 3301 publica
415 3209 637 3279 intimatione
659 3233 738 3282 cum
760 3210 883 3302 sigillo
903 3208 1171 3279 evocareadsc·

132 3336 299 3417 quentem
333 3328 429 3395 diem
460 3353 582 3399 omnes
615 3329 835 3400 baccalarios
864 3338 939 3396 tam
970 3306 1176 3398 scholarum

133 3469 240 3536 quam
261 3446 510 3543 collegiorum,
536 3473 662 3540 eosque
684 3474 764 3518 cum
784 3450 1086 3544 dispensatoribus
1102 3450 1179 3519 lec·

134 3572 268 3639 tiouum
291 3571 497 3640 reverendis
516 3573 700 3664 magistris
711 3571 756 3638 de
769 3571 964 3639 excessibus
983 3570 1180 3673 corrigere,

134 3694 183 3766 ad
207 3696 303 3765 uitae
320 3697 566 3790 iutegritatem
584 3696 749 3792 hortari5
772 3694 997 3763 studentibus
1027 3692 1180 3781 denique

135 3840 179 3886 ac
198 3814 426 3889 scholasticis
460 3820 550 3888 bona
574 3821 741 3912 exempla
761 3817 994 3910 praebentes,
1016 3817 1177 3917 juveutut-

137 3954 212 4015 tem
232 3948 269 4015 ut
286 3941 459 4029 erudiant,
479 3941 525 4012 ad
545 3941 772 4036 collegiaque
790 3946 1039 4033 promoveant.
1076 3929 1172 4005 oum
