2714 4740
232 102 298 194 Μ
637 180 640 197 .
815 72 821 79 ¹
1073 84 1246 183 lintax.

127 274 130 281 ¹
236 318 428 390 victitandi
448 295 578 410 gratia,
607 311 733 400 utpote
757 302 826 374 arti
841 286 1078 397 scriptoriaej
1097 303 1285 399 introlign.

236 454 338 515 turae
356 442 540 517 librorum,
562 440 599 502 et
620 427 864 499 consimilibus
885 427 1089 501 contulere
1178 470 1181 485 2

238 599 512 704 Disputationes
541 582 660 697 publ
629 610 700 666 acas
734 587 871 691 siquis
904 611 953 663 ex
988 580 1202 665 baccalariis
1234 608 1297 665 oe·

671 706 850 816 glexerit

339 859 618 954 *)Joannee
652 857 706 925 de
732 853 1031 946 Rokyozano
1056 854 1292 947 magister

244 985 295 1054 in
320 983 530 1063 artibus,
555 984 719 1049 rector
752 976 908 1047 almae
943 975 1286 1083 universitatis
1332 934 1350 1117 ί

1339 1162 1350 1203 t

1345 1277 1350 1319 ι

1341 1394 1350 1491 i

248 1104 399 1177 studii
434 1099 694 1194 Progensis
731 1121 785 1168 ex
820 1096 1033 1169 unanimi
1064 1078 1282 1170 consensu
1338 1114 1342 1125 '

219 1230 590 1323 noagietrorum
627 1224 835 1293 omnium
890 1219 1160 1361 praefatae
1201 1217 1280 1289 uni·
1338 1250 1342 1255 ·

250 1349 523 1420 versitatis

333 1469 488 1539 Mandat
504 1469 664 1539 omnibus
681 1465 893 1537 baccalariis
910 1473 947 1533 et
965 1464 1200 1549 studentibus,
1215 1484 1282 1557 qm·
1344 1494 1350 1557 '1

253 1600 355 1659 tenus
377 1590 550 1659 lectiones
558 1590 733 1658 textuales
757 1586 873 1677 quoad
889 1586 1107 1655 auditionem
1127 1585 1285 1657 librorum
1348 1594 1350 1611 ²

254 1711 464 1781 Aristotelis
485 1711 522 1778 in
536 1712 804 1802 promotionem
827 1732 947 1777 eorum
967 1707 1123 1777 futuram
1142 1719 1289 1777 sonantes
1346 1700 1350 1729 ¹

173 1912 180 1923 η
255 1827 420 1899 fideliter
449 1831 637 1901 secundum
668 1837 796 1902 statuta
818 1829 1011 1929 facultatis·
1028 1831 1161 1899 artium
1184 1851 1229 1899 ex
1247 1831 1292 1899 in·

256 1960 363 2044 tegro
395 1951 552 2021 audiant.
602 1951 750 2047 Insuper
782 1925 955 2020 exercitia¹
977 1974 1067 2042 quae
1098 1962 1183 2021 ente
1200 1974 1296 2045 prau-
1344 1996 1350 2033 ι

258 2075 356 2144 dium
379 2084 415 2142 et
430 2098 555 2144 coenas
570 2076 671 2146 annis
691 2077 871 2169 prioribus
894 2100 975 2145 cura
995 2073 1173 2168 pervigili
1193 2072 1300 2165 magi·
1346 2056 1350 2091 ''

261 2205 414 2267 atrorum
427 2198 607 2268 observari
621 2172 884 2281 consueverunt,
894 2198 939 2266 ad
955 2207 1169 2290 argumenta
1184 2202 1221 2263 et
1235 2219 1304 2265 mo·

242 2319 336 2388 -tiva
366 2319 558 2390 eorundem
589 2329 625 2389 et
647 2322 838 2414 praecipue
871 2320 1021 2397 decani,
1061 2320 1166 2405 cujus
1193 2316 1307 2389 officii

262 2439 412 2508 interest
432 2440 522 2507 talia
541 2442 711 2510 exercitia
732 2452 865 2525 tenere,
884 2440 1078 2510 benevolos
1102 2432 1309 2511 se'offeren

263 2565 317 2623 tes
330 2557 478 2648 publice
501 2559 752 2651 respondeant.
789 2559 954 2630 Ceterum
978 2560 1240 2654 disputationes
1255 2582 1310 2628 or·

265 2675 422 2745 «linarias
452 2686 489 2745 et
517 2681 816 2753 extraordinarias
852 2682 1032 2752 annuatim
1061 2690 1248 2765 currentes
1268 2678 1313 2750 ad

266 2795 379 2865 linem
403 2807 499 2868 aetus
517 2800 622 2872 totius
645 2801 846 2895 diligenter
871 2805 1076 2873 continuent
1097 2813 1134 2871 et
1149 2802 1315 2895 frequen·

268 2922 424 2989 tentsub
439 2945 558 3016 poeno
576 2935 658 2994 octo
680 2948 893 3016 grossorum,
916 2926 946 2994 si
959 2935 1016 2994 ter
1039 2923 1168 3013 aliquis
1189 2924 1317 2992 bacca·

270 3041 441 3112 lariorum
453 3046 665 3136 neglexerit,
679 3047 717 3114 in
733 3048 870 3115 statutis
887 3055 1183 3139 expressatorum.
1211 3042 1320 3135 Quod

269 3161 300 3228 si
319 3163 431 3252 aliqui
448 3167 486 3232 in
510 3165 623 3234 bursis
650 3166 730 3236 loca
752 3176 916 3235 tenentes
936 3189 1033 3234 secus
1058 3164 1226 3248 fecerint,
1253 3185 1319 3257 per

57 3291 60 3298 '
161 3276 177 3301 ⁰
269 3284 482 3378 magistros,
503 3289 630 3377 quibos
656 3288 787 3359 bonum
810 3287 1049 3358 universitatis
1075 3296 1128 3355 est
1151 3284 1320 3354 commis·

270 3428 364 3492 suno,
393 3394 502 3479 modo
531 3413 599 3481 toli
629 3414 865 3506 castigentur,
895 3416 1066 3483 videlicet
1084 3414 1321 3506 suspensione

169 3600 172 3605 ⁴
237 3624 240 3629 1
272 3551 295 3600 a
316 3552 436 3599 mensa
454 3532 502 3601 ad
515 3540 630 3602 certos
650 3534 738 3617 dies,
757 3542 816 3604 aut
834 3536 944 3604 etiam
962 3534 1166 3605 exclusione
1179 3556 1201 3600 a
1220 3532 1326 3615 loeis,

274 3673 362 3741 quae
388 3656 583 3743 tenuerint,
615 3666 721 3752 prout
750 3658 929 3732 videbitur
963 3657 1158 3753 expediens
1181 3653 1266 3727 fore
1288 3661 1327 3723 et

281 3838 571 3856 m

296 3912 331 3991 ³*)
349 3894 465 3984 Literae
477 3923 723 3995 haereperiontor
741 3932 805 3983 ante
825 3931 962 3986 statutum
980 3917 1030 3977 29.
1050 3915 1137 3992 hujus
1157 3914 1312 3975 rubricae·
