2700 4732
1075 227 1140 300 321

236 487 495 575 Decnuutua
513 440 631 595 muge.
653 479 790 570 Petra·
806 478 991 599 Pascua.

100 645 233 775 Anno
264 697 412 772 Domini
435 697 549 774 1397.
579 660 641 768 21.
669 694 727 765 die
749 701 883 766 mensis
903 695 1044 789 Aprilis
1072 716 1139 790 ego
1227 769 1232 785 ‚

93 832 220 898 Petrus
234 830 381 907 Posern,
391 845 486 917 mag.
498 812 535 889 in
547 821 695 904 artibus,
707 818 760 933 fui
776 810 907 896 electus
920 825 957 893 in
969 822 1141 895 decanum

95 948 277 1017 facultatis
311 950 436 1016 artium
476 943 586 1011 studii
613 944 799 1037 Prngenait
830 944 1021 1017 secundum
1042 959 1141 1018 teno-

91 1090 165 1138 rem
198 1078 408 1138 statutorum
438 1064 594 1152 ejusdem
616 1064 808 1148 facultatis,
840 1040 1040 1153 et⁸juravi‚
1075 1090 1141 1136 nec
1279 1082 1282 1089 ’

96 1212 165 1259 non
186 1190 362 1281 promissa
393 1210 413 1253 a
436 1186 615 1278 magistris
637 1195 718 1255 tunc
747 1170 990 1278 praesentibus
1010 1192 1142 1285 recepi.

118 1373 121 1380 .
189 1309 281 1377 Item
299 1308 424 1377 eodem
444 1329 535 1375 anno
550 1305 609 1374 dic
622 1301 681 1378 25.
705 1306 864 1395 eJusdem
884 1310 1013 1376 mensis
1033 1309 1141 1378 electi

95 1442 174 1502 aunt
208 1429 292 1499 novi
321 1428 538 1506 collectores
552 1430 783 1520 pecuniarum
805 1428 1009 1500 facultatiet
1040 1450 1171 1522 mag,⁸

91 1555 199 1623 loan.
228 1550 395 1635 Astauia,
440 1557 477 1616 et
508 1570 606 1642 mag.
641 1549 808 1619 Nicolaut
833 1548 985 1621 Girkaw
1016 1547 1156 1652 (supra‘

99 1665 250 1748 Gerkam
269 1686 306 1745 et
333 1662 514 1759 Gerkow).
600 1721 626 1769 ,Ι
805 1662 809 1669 ’

187 1794 279 1864 ltern
301 1818 394 1864 anno
419 1802 454 1863 et
469 1791 540 1879 die,
556 1760 683 1884 quillus
708 1812 830 1888 supra,
851 1794 962 1865 electi
988 1809 1068 1867 sunt
1091 1822 1145 1870 as·

94 1941 242 1986 sessores
278 1918 323 1985 ad
356 1915 573 1986 audiendum
608 1927 818 2009 computum
846 1909 1073 2011 pecuniarum
1091 1923 1144 1992 sa·

94 2040 234 2111 cultatls
266 2061 363 2128 mag.
388 2037 509 2114 Nicul,
532 2037 655 2126 Beyer
681 2047 717 2105 et
749 2061 845 2129 mag.
866 2042 991 2111 Petrus
1013 2045 1145 2125 Grecu,

147 2146 150 2152 ’
193 2157 285 2224 Item
311 2170 487 2248 tempore,
507 2178 578 2245 quo
599 2178 715 2247 supra,
736 2158 900 2251 deputati
920 2165 1148 2261 sunt4mgri

98 2282 144 2350 de
167 2290 316 2368 quatuor
339 2279 539 2347 nationibu's
561 2277 605 2347 ad
630 2278 786 2346 dandam
809 2278 993 2351 licentiam
1021 2284 1146 2379 legen·

100 2404 136 2472 di
171 2402 346 2469 lectiones
372 2401 408 2467 in
438 2398 593 2493 privato,
625 2406 664 2468 ct
679 2398 727 2468 ad
748 2401 1000 2494 corrigendum
1021 2408 1145 2481 literar

95 2523 230 2596 dandas
249 2546 315 2615 per
334 2523 568 2597 facultatem:
600 2547 696 2617 mag.
722 2523 876 2595 loannes
896 2524 943 2596 de
964 2529 1146 2623 Fullonia,

96 2670 192 2736 mag.
215 2645 369 2713 Jacobus
394 2645 439 2713 de
466 2641 715 2736 Subyeelauia,
738 2666 834 2738 mag.
852 2647 983 2720 Paulus
1006 2648 1146 2724 wladi-

96 2770 190 2852 miri,
220 2789 314 2858 mag.
335 2765 575 2856 Marquarduu
596 2770 824 2861 Kryneman,

190 2888 281 2955 ltem
302 2911 408 2972 anno,
437 2909 507 2977 quo
522 2910 636 2982 supra,
658 2890 763 2965 Joau.
776 2887 1027 2985 Cruczenlrurg
1049 2893 1145 2965 incc-

95 3010 152 3102 pit
171 3010 208 3077 in
229 3012 362 3080 artibus
382 3011 442 3084 sub
469 3032 562 3105 mag.
585 3012 691 3084 Joan.
709 3012 983 3107 Monsterberg,
1010 3016 1068 3084 die
1083 3020 1145 3095 29.
1224 3042 1227 3049 ’

94 3136 225 3204 mensis
256 3138 407 3228 Aprilis,
438 3147 474 3205 et
506 3137 605 3207 Elias
642 3136 796 3208 Martini
825 3137 952 3207 eodem
984 3138 1043 3208 die
1079 3140 1151 3211 eub-

96 3260 224 3329 codem
251 3257 511 3328 determinavit.

197 3377 290 3445 ltem
310 3380 527 3468 Augustinus
548 3382 593 3450 de
614 3377 751 3462 Bantia,
772 3381 975 3450 licentietur
1003 3378 1040 3450 in
1061 3380 1147 3451 arti·
1207 3374 1210 3379 ⁴

96 3506 172 3585 bue,
200 3503 336 3593 incepit
369 3505 405 3570 in
435 3502 568 3574 eisdem
585 3509 704 3598 prima
731 3503 939 3573 dionensis
962 3504 1058 3593 Maji
1083 3503 1146 3576 sub

98 3647 197 3716 mag.
219 3623 361 3692 Joanne
387 3623 432 3690 de
459 3624 619 3697 Mutha,'

196 3746 290 3812 llern
315 3743 442 3812 eodem
466 3742 526 3815 (lic
549 3740 729 3817 Arnoldua
751 3745 796 3816 dc
816 3744 1029 3838 stargardia
1048 3766 1146 3818 recu·

98 3869 155 3962 pit
179 3868 355 3934 birreturn
375 3869 438 3934 nub
460 3888 555 3960 mag.
582 3871 733 3941 Nicolao
752 3870 888 3960 Beyer,

196 3987 292 4056 luem
314 3987 472 4058 lacobus
495 3990 540 4059 de
559 3991 748 4063 Redonica
772 4004 810 4060 et
829 3991 996 4063 Nicolaru
1023 3990 1067 4060 de
1086 3988 1146 4061 Ζῑ·
