2714 4740
134 179 242 291 ⁵12.
357 237 360 244 ·

300 395 373 469 Pro
390 390 629 474 convocandis
648 413 736 470 vero
752 386 811 462 his
831 394 981 483 quatuor
999 374 1187 485 magistris
1201 380 1249 467 ad

200 520 373 595 decanum
395 517 506 588 talem
534 516 696 587 ordinem
722 521 937 599 statuerunt,
973 520 1014 583 ut
1033 517 1249 604 quicumque

201 646 462 741 magistrorum,
476 636 760 709 baccalariorum
783 643 819 705 et
832 635 1049 707 studentium
1068 614 1249 738 sencicho·

202 768 332 840 larium
354 762 592 858 indigentiam
615 760 660 829 de
681 757 884 854 praemissis
907 755 1100 849 habuerit,
1128 760 1249 855 primo

201 868 308 964 istam
334 890 469 957 decano
489 893 667 978 exponat,
704 880 835 951 deinde
856 881 1004 953 decanus
1026 884 1097 964 sibi
1124 886 1249 958 termi-

192 992 285 1100 'num
306 990 446 1098 statuat,
474 1019 511 1079 et
531 1008 606 1077 illis
626 1005 653 1082 ll
672 1007 854 1099 magistris
873 1006 1062 1078 terminum
1079 1016 1249 1092 statutum

157 1211 166 1232 ι
202 1134 397 1207 literaliter
424 1134 596 1214 insinuet,
633 1131 804 1223 ipseque,
830 1150 898 1221 pro
919 1152 989 1218 quo
1011 1130 1098 1211 talis
1117 1157 1248 1205 convo·

202 1257 300 1326 catio
320 1254 404 1326 fieri
435 1254 564 1337 debet,
592 1274 658 1346 per
683 1275 720 1320 se
741 1252 861 1344 ipsum¹
880 1261 985 1344 roget
1014 1255 1099 1324 illos
1135 1256 1247 1351 magi-

203 1390 308 1467 stros,
334 1362 784 1470 quemlibetsingulariter
804 1375 850 1444 ad
871 1374 1106 1470 praefinitum
1126 1379 1264 1449 termi-

203 1480 288 1580 num
319 1502 532 1584 convenire,
567 1499 626 1569 vel
656 1501 914 1572 excusationem
944 1506 976 1574 si
1007 1503 1167 1575 habeant
1191 1501 1247 1574 vel

203 1628 357 1709 habeat,
390 1623 584 1693 literaliter
604 1621 753 1714 propria
775 1625 878 1696 manu
901 1625 1099 1695 rescribere
1119 1622 1167 1693 ad
1189 1627 1249 1699 ‹le-

143 1792 154 1811 ·
205 1772 343 1834 canum,
361 1757 398 1816 et
418 1769 461 1815 ex
480 1755 564 1813 tunc
583 1745 734 1814 decanus
757 1767 835 1815 cum
855 1747 1036 1838 magistris
1058 1746 1250 1818 aduenien-

116 1918 119 1925 -
205 1872 314 1957 tibus,
340 1870 399 1939 vel
420 1868 549 1969 majori
567 1873 670 1961 parte
693 1867 849 1967 ipsorum
881 1867 1168 1957 advenientium,
1189 1870 1251 1941 ‚vel

134 1980 139 1990 ’
206 1996 239 2066 si
265 1996 382 2064 nullus
408 1991 616 2074 advenerit,
640 1988 698 2057 vel
723 1992 983 2072 excusationem
1010 1973 1253 2087 rescripserit,

162 2200 168 2211 .
206 2142 246 2192 se
271 2119 350 2188 solo
372 2116 558 2208 negotium
575 2115 693 2206 ipsum
712 2112 829 2179 valeat
847 2114 1083 2184 effectualiter
1105 2121 1253 2215 expedi·

207 2264 266 2321 re,
294 2239 364 2308 hoc
387 2238 550 2322 adjecto,
591 2234 687 2323 quod
718 2235 758 2302 in
786 2235 951 2326 proxima
974 2243 1254 2333 congregatione

75 2446 78 2453 Ι
208 2361 390 2431 facultatis
417 2366 586 2448 sequente
608 2356 761 2426 decanus
787 2355 883 2425 dicat
908 2366 945 2426 et
964 2362 1170 2430 manifestet
1187 2363 1256 2433 toti

211 2464 464 2564 communitati,
475 2480 598 2569 quibus
611 2479 801 2570 magistris,
817 2481 1045 2568 baccalareis,
1063 2505 1103 2552 ac
1114 2483 1256 2556 schola·

210 2603 309 2674 ribus
321 2603 493 2669 lectiones
505 2600 676 2692 privatae
693 2601 864 2687 indultae,
875 2625 915 2672 ao
937 2605 1064 2676 literae
1090 2611 1256 2683 sintccn·

211 2748 354 2808 cessae,
382 2722 561 2812 electique
580 2721 670 2789 tales
694 2721 827 2793 tamdiu
849 2722 886 2791 in
905 2723 975 2796 hoc
997 2729 1120 2800 officio
1141 2734 1257 2828 persi·

211 2855 306 2919 stere
321 2849 488 2932 debeant,
504 2844 670 2935 quamdiu
687 2843 848 2933 decanus,
864 2849 920 2916 cui
937 2849 1070 2922 fuerint
1089 2858 1257 2929 coelesti.

262 2975 269 2989 '
307 2971 415 3042 Anno
449 2966 594 3038 Domini
626 2968 736 3042 1367·
774 2966 838 3053 14,
869 2970 928 3038 die
962 2971 1150 3045 Februarii
1189 2977 1259 3047 fuit

213 3097 390 3179 statutum,
417 3091 512 3182 quod
534 3101 741 3183 receptores
761 3095 934 3187 pecuniae
953 3094 1136 3165 facultatis
1158 3076 1259 3172 nullo

213 3215 321 3285 modo
342 3214 497 3282 debcant
532 3237 662 3307 capere
697 3208 851 3308 pignora
875 3241 943 3309 pro
972 3217 1082 3288 bursis
1116 3243 1261 3314 promo·

214 3334 419 3419 vendorum,
445 3337 507 3405 sed
526 3346 736 3430 promptam
754 3339 951 3431 pecuniam,
977 3339 1048 3406 nisi
1065 3341 1262 3434 superhoc

216 3480 295 3544 cum
311 3459 379 3526 isto
398 3459 643 3551 promovendo
662 3483 683 3527 a
700 3457 874 3527 facultate
888 3459 985 3527 foret
1006 3460 1261 3553 dispensatum.

310 3577 405 3648 Item
426 3580 551 3648 eodem
573 3603 665 3648 anno
688 3582 724 3655 2.
753 3581 813 3649 die
841 3579 967 3648 Martii
990 3583 1028 3651 in
1048 3583 1161 3676 plena
1179 3610 1262 3659 con·

216 3702 429 3803 gregationc
462 3701 702 3771 deliberatum
733 3700 801 3774 fuit
838 3710 875 3771 et
906 3702 1134 3789 conclusum,
1168 3704 1265 3797 quod

218 3826 370 3921 pecunia
398 3821 581 3891 facultatis
610 3847 678 3917 per
708 3829 914 3919 receptores
943 3845 1002 3897 seu
1034 3846 1264 3923 quoscunque

29 3984 52 4036 ·.
117 3942 150 3985 ·‘
219 3946 310 4014 alios
334 3945 511 4041 expendi,
537 3944 728 4032 distribui,
764 3965 826 4015 seu
847 3943 1003 4015 consumi
1024 3945 1265 4039 nordebert,

219 4065 289 4142 nisi
309 4065 348 4140 in
372 4067 546 4177 communi
564 4068 774 4142 necessitate
793 4067 987 4161 lacuatis,
