2714 4740
71 277 188 371 nub..
201 296 244 366 V·
314 264 319 275 Α
1053 292 1096 361 85
1133 382 1135 386 a

54 496 184 567 eisdem
208 496 333 589 poenis
352 472 493 590 pastum
516 497 657 567 solvere
688 510 888 579 tencantur.
915 508 1094 584 Deiecti-

59 622 187 727 onibus.
208 631 327 689 antem
361 621 398 687 in
440 622 568 690 eadem
610 628 888 718 congregatione
924 638 1094 702 statutum

63 741 123 810 luit
145 750 181 811 et
202 743 420 827 conclusum,
453 746 551 834 quod
568 745 605 814 in
627 749 734 819 tertia
765 750 920 819 lectione
941 753 1095 840 quilibet
1155 831 1162 853 1
1215 730 1218 738 ‚

67 862 222 953 magister
246 863 373 954 legens
396 876 559 939 teneatur
584 868 704 939 facere
736 871 915 939 conscribi
936 894 1011 940 suos
1037 896 1095 945 au·

69 978 208 1076 dientes,
240 987 299 1075 qui
326 987 435 1055 etiam
462 996 545 1057 tunc
575 993 673 1076 juxta
711 992 892 1084 antiquum
928 999 1095 1060 statutum

71 1103 108 1171 ul
125 1113 231 1176 totum
252 1117 395 1198 pastum
424 1111 642 1204 obligantur,
668 1121 705 1180 et
730 1114 759 1180 si
777 1114 903 1202 aliqui
924 1121 1008 1179 tunc
1035 1111 1096 1179 vel
1184 1188 1186 1192 ,

72 1224 148 1295 inira
165 1228 251 1298 duos
272 1231 348 1298 dies
374 1234 537 1325 proxime
562 1245 745 1323 sequentes
768 1245 908 1327 pastum
926 1257 999 1304 non
1024 1232 1096 1300 sol·

43 1352 179 1434 mint,
197 1376 219 1420 a
237 1353 449 1424 lectionibus
472 1356 568 1428 illias
597 1360 705 1428 totius
731 1343 825 1428 libri
850 1358 965 1449 quoad
993 1358 1097 1425 iatum

75 1475 260 1569 magistrum
286 1477 358 1544 sint
389 1479 541 1561 exclusi,
572 1487 608 1547 et
633 1479 866 1549 nihilominus
884 1480 1001 1549 eidem
1023 1501 1096 1548 mo

39 1654 43 1681 ,
74 1596 168 1719 gittrp
193 1606 337 1690 pastum
362 1601 512 1670 solvere¹
539 1611 738 1685 teneantur,
767 1604 831 1674 sub
849 1603 976 1695 poenis
1001 1580 1097 1677 circa

31 1766 35 1773 -
74 1726 192 1812 pastum
215 1725 464 1794 exercitiorum
485 1727 719 1816 praenotatis.
765 1722 875 1794 Ενίη
894 1726 1098 1817 pleniorem
1166 1796 1169 1801 ,

10 1856 12 1865 “
54 1837 159 1928 'hujus
180 1845 303 1913 statuti
325 1829 567 1931 executionem
590 1849 707 1917 nullus
730 1848 937 1916 admittatur
958 1847 1003 1915 ad
1017 1869 1099 1916 exa·

10 1977 12 1985 '
72 1985 137 2032 nen
155 1990 222 2057 pro
241 1969 362 2056 aliquo
384 1948 499 2062 gradu
519 1969 556 2037 in
584 1971 729 2050 arubae,
762 1969 831 2038 nisi
862 1969 986 2051 libros,
1015 1993 1100 2059 quos

10 2084 13 2095 ’
69 2089 228 2160 audivisse
262 2099 413 2174 tenetur,
441 2089 473 2162 8c
503 2117 524 2160 a
549 2095 675 2183 quibus
705 2092 884 2185 magistris
908 2090 1100 2168 audiverit,

10 2210 12 2220 ’
40 2209 243 2283 decano&
271 2216 568 2284 examinatoribus
594 2222 800 2310 praesentet
821 2215 859 2279 in
889 2195 1041 2301 scripto,
1066 2207 1099 2279 tc

65 2335 286 2419 examinetur,
305 2361 350 2405 an
372 2345 509 2427 pastum
531 2335 712 2425 magistris
730 2334 798 2400 suis
820 2329 992 2414 solverit3
1015 2325 1047 2396 dt
1069 2326 1101 2393 si

61 2464 275 2550 compertum
294 2457 413 2539 fuerit,
435 2458 532 2545 quod
552 2456 681 2543 aliquis
705 2454 876 2543 magistro
896 2473 967 2518 non
985 2448 1100 2517 solve·

34 2550 113 2662 m,
135 2581 220 2648 talis
246 2581 416 2671 magister
451 2577 605 2659 habeat,
634 2578 663 2645 si
698 2574 862 2654 voluerit,
882 2579 1100 2664 potestatem

53 2701 257 2798 plenariam
289 2703 416 2792 ipsum,
448 2676 510 2787 qui
538 2722 609 2768 non
637 2699 754 2778 solvit,
780 2691 1024 2787 impediendi,
1055 2711 1101 2756 ne

49 2827 268 2895 admittatur
290 2824 356 2895 illa
381 2823 472 2904 vice,
496 2824 779 2893 contradictione
806 2820 960 2889 aliorum·
986 2812 1101 2904 magi·
1177 2911 1179 2914 Α

48 2958 211 3021 suorum
234 2943 307 3014 non
328 2945 509 3013 obstante.
816 2931 825 2949 ’

151 3073 248 3142 Item
273 3073 311 3140 in
339 3074 464 3142 cadem
487 3073 767 3166 congregatione
788 3075 957 3139 statutum
980 3059 1104 3155 fuit&
1336 3144 1338 3149 .

47 3195 276 3280 conclusum,
303 3179 397 3286 iluod
413 3189 563 3264 decanus
585 3196 768 3265 facultatis
796 3193 924 3264 artium
956 3209 1105 3279 congre·

46 3349 144 3420 gare
176 3333 337 3393 teneatur
365 3345 486 3391 ornnes
514 3322 701 3412 magistros
720 3321 883 3388 volentes
903 3315 1027 3405 legere
1047 3306 1108 3377 vel

46 3447 230 3520 exercitia
259 3456 404 3538 tenere,
437 3440 553 3514 semel
576 3445 614 3511 in
642 3443 796 3512 crastino
826 3466 856 3520 a,
889 3428 1109 3539 Georgii&
1197 3466 1202 3478 ··

48 3569 172 3643 semel
203 3570 242 3637 in
260 3567 412 3639 crastino
431 3591 460 3637 s.
485 3565 599 3649 Galli,
622 3568 686 3634 sub
715 3566 783 3632 tali
809 3572 960 3632 tenore:
987 3553 1109 3647 Magi·

51 3701 132 3764 ater
162 3685 384 3766 reverende!
419 3689 448 3756 si
482 3688 667 3759 volueritis
702 3687 770 3755 isto
796 3682 914 3752 medio
939 3700 1030 3749 anno
1057 3677 1124 3745 le·'

48 3837 148 3909 gere
174 3810 208 3882 ln
238 3811 410 3880 exercitia
435 3817 583 3891 tenere,
616 3807 675 3876 vel
706 3816 843 3875 tantum
870 3802 1025 3869 alterum
1046 3792 1111 3862 ho·

50 3962 137 4010 rum
159 3935 293 4015 facere,
320 3933 483 4007 veniatis,
502 3932 548 3999 ad
579 3929 899 4029 congregationem
928 3917 1113 3988 lacunatis

51 4062 98 4132 td
138 4055 373 4129 audiendum,
394 4062 562 4128 statutum
600 4057 647 4124 de
686 4045 930 4140 extorquendo
972 4049 1112 4135 paetum

572 4180 598 4252 7
