2700 4732
95 299 199 370 Buba.
215 294 258 366 X.
506 258 511 290 η
654 388 657 394 ν
1037 306 1100 382 113

55 497 169 568 cedat.
195 494 236 564 Si
257 515 341 560 vero
363 489 439 579 quis
463 514 642 562 nnmerum
653 497 877 587 praedictum
897 509 1096 592 excesserit,
1160 571 1162 575 ,

55 619 178 712 plures
194 638 300 706 quam
325 607 474 701 quatuor
496 609 664 713 hahendo
678 617 784 688 circa
808 641 912 690 ¹suarm
933 623 1095 698 declara·
1219 611 1221 614 ’

55 743 193 818 tionem,
216 747 299 804 tnnc
316 734 399 801 talis
422 733 638 818 declaratio,
667 735 777 838 lectio
802 741 861 810 vel
886 747 1094 820 exercitium

55 871 244 941 censeatur,
270 857 315 926 ad
338 878 442 944 quam
465 857 525 923 vel
548 857 595 925 ad
622 859 717 947 quod
738 863 853 953 magis
882 862 1094 959 accesserit3

55 1007 140 1073 quae
157 980 359 1048 declaratio
391 978 564 1048 habeatnr
588 979 626 1047 in
659 983 892 1054 materiistet
920 989 959 1056 in
986 988 1096 1072 horis,

56 1113 91 1172 ct
113 1103 316 1196 peremnia
341 1101 531 1172 secundum
556 1094 683 1186 modos
714 1095 923 1178 statutorum
945 1113 992 1180 de
1021 1115 1095 1188 lec-

56 1226 207 1293 u'onibua
237 1231 273 1293 et
310 1223 491 1292 exercitiis
521 1246 720 1327 expressos.
783 1227 824 1298 si
856 1240 972 1303 autem
1007 1241 1094 1326 quis,
1223 1259 1226 1263 ·

59 1346 147 1436 quod
188 1348 304 1429 absit,
346 1343 403 1413 lais
429 1345 473 1413 de
503 1345 604 1430 facto
629 1351 917 1436 contraveniret,
958 1362 1094 1430 anteit.

59 1497 94 1542 aa
117 1474 310 1568 praemissa
331 1493 570 1561 quamcunque
593 1472 753 1544 fraudem
786 1459 1017 1564 commiserit,
1042 1496 1094 1553 ta·
1151 1497 1152 1502 ’

58 1599 100 1666 lis
121 1599 166 1668 ab
189 1597 351 1667 omnibus
368 1596 505 1666 actibus
525 1594 751 1665 scholasticis
783 1600 937 1690 public's
959 1613 996 1672 et
1018 1608 1094 1698 pri.

58 1721 140 1788 ratis
168 1743 234 1812 per
268 1719 427 1787 medium
461 1741 588 1788 annum
614 1720 658 1788 de
686 1714 783 1791 facto
813 1723 861 1789 sit
892 1747 1093 1816 suspensus.

58 1839 141 1910 ltern
160 1844 343 1928 adjectum
364 1840 430 1908 fuit
457 1839 523 1922 his,
538 1836 639 1931 ⁴quod
661 1843 744 1912 talis
771 1817 980 1927 declaratio,
1003 1872 1093 1938 quae

59 1961 161 2032 lectio
174 1974 348 2044 censetur,
363 1987 427 2030 nec
450 1962 696 2032 declarantem
715 1988 736 2033 a
759 1968 999 2058 completione
1011 1994 1091 2040 cnr·

60 2107 105 2155 su
125 2085 299 2168 biennalis
327 2082 487 2166 relevet,
516 2085 587 2151 imo
611 2085 815 2154 audientem
834 2088 879 2154 ab
912 2090 1093 2160 auditione

59 2205 219 2274 librorum
235 2206 368 2286 debita,
389 2213 426 2272 et
449 2204 486 2271 in
502 2205 643 2274 statutis
664 2229 733 2297 pro
755 2207 929 2297 gradibus
949 2232 1093 2303 expres·

59 2349 90 2394 aa
108 2327 302 2398 nuflatenus
327 2325 508 2400 absolvat.

538 2490 602 2562 20.

61 2644 109 2727 De
128 2651 336 2755 magistris,
370 2650 432 2754 qai
468 2673 548 2724 cum
583 2645 712 2740 decano
744 2644 874 2728 babeat
907 2655 1092 2757 respicere,

10 2850 12 2859 ,
106 2776 198 2884 quud
219 2791 362 2852 statuta
380 2771 570 2870 facultatis
582 2775 754 2874 firmiter
779 2770 1030 2856 observentur.

139 2947 233 3015 Item
252 2969 356 3027 anno,
376 2969 445 3035 quo
457 2969 577 3038 supra,
595 2947 633 3014 in
654 2947 827 3016 decanatu
844 2950 1013 3033 ejusdem,
1033 2948 1094 3016 dic

63 3069 110 3138 ΞΒ.
133 3070 261 3139 mensis
286 3069 437 3159 Augusti
463 3067 558 3136 facta
581 3071 691 3163 plena
712 3069 993 3160 congregatione
1018 3093 1092 3136 ma-

63 3188 235 3276 gistrorum
256 3189 301 3257 de
321 3188 472 3256 consilio
498 3189 678 3257 facultatis
693 3190 739 3257 ad
761 3188 977 3257 audiendum
999 3190 1092 3260 rela-

63 3309 179 3380 tionem
219 3312 470 3403 magistrornm
503 3335 571 3404 per
603 3311 811 3380 facultatem
840 3310 1090 3402 deputatorum

63 3447 150 3522 super
170 3433 380 3522 quibusdam
400 3422 606 3501 defectibus·
623 3431 859 3501 reformandis
880 3454 948 3524 pro
969 3432 1090 3500 obser·

64 3554 165 3621 tantia
187 3563 397 3626 statutorum
422 3554 605 3626 facultatis
630 3546 830 3625 conclusum
852 3554 923 3623 fuit
944 3575 1089 3622 concor·

63 3665 140 3744 (liter
160 3676 260 3745 nullo
280 3678 422 3768 penitus
438 3677 717 3766 contradicente,
732 3676 826 3766 quod
848 3700 914 3770 per
933 3676 1090 3769 amplius

63 3795 191 3866 cuilibet
212 3799 357 3881 decano,
379 3821 482 3888 quum
504 3800 577 3870 cito
599 3800 732 3868 electus
757 3796 877 3884 fuerit,
898 3799 935 3866 in
963 3797 1088 3868 eadem

64 3921 326 4011 congregatione
347 3921 582 4012 adjungantur
600 3928 746 4010 quatuor
761 3895 925 4013 magistri
945 3916 990 3986 de
1007 3924 1090 3987 con·

10 4070 12 4103 :
63 4032 128 4106 tilio
155 4040 336 4110 facultatis
356 4051 438 4111 actu
458 4050 625 4134 regentes
643 4042 690 4113 de
712 4051 859 4133 quatuor
876 4039 1091 4120 nationibus,
