2714 4740
160 288 234 357 nub.
252 284 291 358 X.
395 336 399 342 -

609 480 645 557 4.

155 627 356 708 'Moderatio
380 632 516 707 statuti
540 625 582 705 de
606 631 791 708 exercitiis
810 608 915 729 prius
932 624 1097 704 conclusi.
1206 708 1208 713 ,

150 772 162 787 ”
205 778 286 850 item
317 782 355 850 in
387 782 559 854 decanatu
586 807 684 876 mag.
707 762 859 852 Henriei
892 777 939 846 de
960 780 1150 871 Homberg
1229 741 1329 845 ϋζῖ

139 898 183 978 li.
200 903 249 974 die
270 908 399 977 mensis
430 911 571 1001 Aprilis
606 910 701 976 facta
726 907 836 1000 plena
861 907 1148 997 congregatione

139 1021 281 1099 facultatis
313 1032 377 1098 sub
402 1027 470 1097 hac
489 1030 627 1104 forma:
655 1033 833 1120 Magister
861 1030 1056 1098 reverende
1068 1003 1083 1100 i
1103 1030 1149 1097 si·

139 1148 171 1216 tis
193 1149 272 1221 hora
292 1154 353 1223 18.
377 1155 413 1222 ἰι]
437 1143 590 1225 caneilio
619 1155 663 1227 ad
692 1130 947 1223 deelarandum
972 1156 1151 1244 quoddam
1232 1184 1250 1202 ³

140 1274 248 1351 dubium
261 1301 453 1361 ¹occurrens
479 1280 575 1349 circa
596 1285 761 1350 statutum
787 1281 832 1348 de
861 1282 968 1350 modo
990 1280 1152 1351 habendi

141 1404 277 1471 exercitia
308 1403 448 1474 noviter
482 1406 705 1487 conclusum,
746 1379 808 1474 sub
846 1427 965 1498 poena
1005 1407 1152 1479 duorum

140 1519 316 1614 grossetum,
345 1539 382 1598 et
405 1533 495 1601 sicut
511 1532 667 1624 diligitis
689 1534 817 1600 bonum
838 1529 1043 1620 facultatis3
1071 1556 1154 1601 con·

98 1728 100 1736 Ι
141 1648 238 1725 elusum
261 1652 333 1720 fuit
359 1658 545 1727 secundum
564 1659 739 1742 majorem
758 1661 913 1745 partem,
933 1653 1033 1743 quod'
1048 1655 1156 1721 inan·

98 1790 101 1859 ζ
142 1781 182 1844 tea
198 1779 281 1847 nulli
297 1779 546 1869 magistrorum
565 1783 673 1864 liceat
686 1777 821 1847 habere
840 1778 1011 1846 exercitia
1023 1777 1068 1848 de
1080 1802 1155 1848 ves.-

143 1919 204 1989 pere
215 1904 248 1972 in
258 1903 418 2004 materiis
434 1905 623 1996 disparatis
635 1904 770 1975 sicutin
777 1893 1093 2001 philosophicorum
1107 1902 1156 1994 *),
1194 1917 1195 1921 ’

98 2023 101 2113 ξ
142 2025 208 2092 etin
228 2021 267 2098 de
291 2026 416 2105 anima,
444 2034 480 2093 et
509 2027 598 2096 sicut
623 2029 660 2095 in
695 2023 887 2102 ethicorum
913 2039 949 2097 et
982 2031 1018 2096 in
1040 2002 1159 2128 plysi·

143 2168 228 2222 corum
250 2162 319 2223 etc.
345 2152 496 2235 scilicet,
528 2154 621 2249 quod
654 2154 806 2243 quilibet
829 2155 1002 2244 magister
1036 2156 1160 2223 volens
1179 2204 1194 2228 a

147 2269 284 2346 inantea
310 2272 483 2342 exercitia
504 2283 627 2342 tenere
648 2276 694 2343 de
719 2299 868 2368 vespere
890 2299 934 2345 ex
963 2285 1094 2344 statuto
1116 2276 1162 2346 de

146 2399 224 2469 undo
257 2379 415 2468 habendi
451 2399 623 2467 exercitia
660 2402 757 2494 prius
792 2403 830 2470 in
858 2400 1032 2470 decanatu
1066 2393 1162 2497 mag.
1267 2381 1279 2421 ²

146 2520 243 2595 lucebi
266 2528 310 2595 de
331 2523 557 2592 Bartenstein
585 2528 762 2608 concluso,
789 2536 951 2596 teneatur
974 2525 1020 2592 ad
1042 2508 1164 2617 dispu·
1223 2542 1228 2548 “

147 2651 258 2722 tandum
277 2653 394 2722 solum
416 2648 454 2715 in
472 2671 539 2719 una
560 2651 719 2734 materia,
743 2675 810 2742 qua
830 2649 947 2736 linita,
969 2651 1106 2746 poterit
1126 2651 1164 2720 iu

149 2767 199 2843 fllia
216 2777 396 2874 disputare
416 2749 687 2872 consequenter.

622 2921 661 3002 ὅ.

407 3071 468 3149 De
492 3067 588 3152 loris
613 3072 880 3151 exercitiorum.

162 3306 169 3327 N
240 3222 334 3294 Item
375 3229 412 3297 in
451 3233 625 3302 decanatu
658 3253 753 3321 mag.
793 3227 942 3300 Henrici
979 3226 1025 3297 de
1057 3227 1170 3298 Hom·

149 3334 215 3440 berg
239 3350 297 3418 die
323 3353 360 3422 8.
391 3357 521 3423 mensis
544 3355 651 3437 Julii,
675 3354 771 3422 facta
794 3355 1076 3445 congregatione
1099 3377 1173 3423 ma-

150 3466 314 3554 gisnorum
348 3478 393 3546 de
431 3480 583 3551 consilio
620 3470 801 3546 facultatis
833 3480 897 3545 sub
930 3477 1000 3548 hac
1036 3477 1176 3552 sonna:
1214 3447 1221 3460 ι

150 3585 303 3690 Magister
329 3601 556 3674 reverende!
584 3604 660 3672 sitis
683 3600 792 3668 hodie
824 3599 912 3670 hora
941 3604 1003 3681 17.
1026 3605 1062 3672 in
1095 3628 1176 3672 con·

146 3721 210 3796 tilio
231 3729 413 3828 facultatis
435 3729 480 3796 ad
503 3728 706 3808 videndum,
730 3734 845 3819 utrum
867 3724 956 3795 hora
987 3751 1054 3826 pro
1079 3751 1178 3796 exer·

144 3848 219 3920 uitiis
244 3851 419 3920 (lemane
448 3850 649 3942 usquehuc
680 3856 790 3931 tenta3
816 3849 863 3917 sit
895 3851 932 3918 in
966 3852 1092 3922 horam
1114 3853 1189 3933 iun,⁸

170 4063 201 4146 ⁶)
224 4074 262 4131 hs
280 4073 402 4128 codices
421 4067 589 4140 phicorum.
665 4080 667 4083 ’

639 4141 731 4231 *8*
930 4072 936 4195 s
1038 4150 1044 4193 ι
