2700 4732
105 234 149 305 eo
774 186 778 193 ’
936 228 1043 319 arur.
1066 229 1115 301 11.

109 427 223 518 qued,
264 427 324 499 ubi
360 424 505 503 rtabatt
525 411 699 520 jurabit,
736 420 789 491 ibi
822 422 1048 496 emendatum
1081 434 1160 503 eutr

103 528 320 649 promittet3
348 548 431 637 quia
462 548 513 616 aie
545 547 645 639 priua
676 545 819 629 stabat,
846 555 884 613 ut
919 528 1161 621 memorantur

112 672 249 761 autiqui
294 670 480 761 magistri,
516 680 553 738 et
587 671 825 738 examinatura
866 668 1161 742 demeurtrabat²

115 791 255 859 scilicet
271 790 518 859 controversia
536 788 666 881 grandi
687 789 782 856 inter
803 786 995 879 magistrer
1015 797 1097 859 orta
1116 790 1163 859 da

113 912 323 997 juramento,
342 911 469 998 aliquia
490 912 588 1003 parti
609 909 668 978 uui
688 909 912 1001 applaudens
934 908 1163 1001 deplanavit,

112 1029 322 1123 promittet,
357 1030 497 1098 scilicet
527 1029 620 1119 quod
659 1029 709 1098 aie
742 1031 879 1112 stabat,
917 1038 954 1097 et
996 1032 1164 1127 arripuit,

101 1143 272 1250 jurabit3
307 1159 527 1243 quapropter
556 1150 624 1218 illa
654 1172 774 1220 raaura
798 1149 987 1219 emendata
1017 1160 1093 1255 eat,
1127 1160 1166 1221 ut

115 1275 166 1345 aie
192 1275 349 1360 dicutur,
369 1271 582 1370 promittet,
613 1278 651 1339 et
685 1268 754 1340 hoo
782 1280 836 1339 est
874 1274 1080 1346 mandatum
1102 1274 1167 1346 da.

118 1417 208 1466 eane
234 1413 279 1463 ex
307 1393 492 1463 voluntate
520 1391 598 1463 fere
633 1391 790 1462 omnium
822 1395 1094 1485 magistrorum,
1128 1406 1167 1471 m

117 1513 273 1585 habetur
306 1516 345 1583 iu
378 1514 550 1585 decanatu
581 1536 675 1605 mag.
708 1513 925 1606 Hieronymi
974 1517 1021 1587 de
1058 1516 1167 1595 Saka-

118 1644 199 1705 teez
221 1631 262 1727 ¹³)
288 1636 333 1707 ad
356 1635 469 1705 furem
494 1636 581 1707 libri
606 1635 644 1705 iu
685 1642 847 1705 aexterae
875 1639 1098 1730 penutimo,
1130 1652 1169 1717 ut

121 1757 338 1828 demomtrat
355 1758 470 1829 rubea·
486 1777 574 1828 crux
593 1779 673 1829 cum
699 1780 814 1833 mauu
840 1755 896 1854 **)

270 2038 274 2046 ,
410 1958 610 2036 'reuma
650 1959 894 2032 uunurcu.

123 2116 193 2207 De
220 2121 468 2234 receptione
496 2119 744 2205 decertarit·
772 2135 853 2208 aut
876 2125 1091 2238 magram
1109 2126 1175 2214 at·

400 2258 540 2343 tera'ua
560 2259 879 2345 uuiveraa‘tetia.

634 2437 672 2512 1.

274 2573 334 2652 De
357 2570 563 2654 baccalariis
587 2573 737 2657 alterius
764 2581 1029 2663 universitatis.

224 2715 317 2784 Item
352 2719 390 2786 in
422 2721 533 2811 plene
566 2723 722 2790 concilio
752 2721 934 2792 facultatia
966 2722 1035 2792 fuit
1065 2704 1176 2791 statu·

129 2843 229 2918 tum,
256 2832 352 2925 quod
379 2841 594 2912 baccalarius
614 2843 762 2912 alterius
783 2844 1022 2913 universitatis
1048 2844 1174 2916 volem

131 2958 260 3025 aurumi
289 2960 336 3028 ad
367 2959 597 3048 facultatem,
633 2977 822 3054 antequam
857 2967 1081 3058 reciperetur
1108 2987 1175 3058 per

130 3077 343 3169 magistrer,
373 3090 410 3150 et
441 3081 709 3169 admitteretur,
737 3085 885 3153 deberet
909 3086 1007 3178 prius
1034 3084 1175 3153 ordina·

129 3197 183 3265 rie
212 3199 412 3293 disputanti
447 3202 509 3273 hic
542 3206 757 3299 respondere
791 3206 836 3274 ad
867 3229 972 3274 unam
1000 3210 1176 3295 quaestiu-

130 3337 232 3400 nem,
259 3328 295 3387 et
327 3334 451 3416 postea
474 3350 542 3419 per
571 3327 779 3420 magistrum
812 3350 911 3398 auum
944 3328 1176 3420 praesentari,

132 3437 194 3527 qui
224 3438 324 3512 dicat
355 3445 393 3513 in
425 3449 748 3530 conscientium,
785 3449 880 3537 quod
915 3449 962 3517 sit
997 3451 1177 3521 sufficient

131 3558 179 3626 ad
203 3559 306 3629 illum
331 3565 506 3656 graduum
532 3568 564 3635 si
585 3577 669 3636 tune
694 3571 808 3654 major
832 3592 916 3661 para
945 3570 1176 3651 eouaeuaerit,

66 3722 68 3726 ·
133 3682 350 3785 recipiatur,
385 3695 423 3754 et
447 3685 574 3758 deceat
602 3689 703 3784 prius
731 3689 778 3759 de
807 3690 947 3782 gradu3
973 3691 1055 3789 ,red
1079 3692 1177 3786 prim

139 3881 430 3905 Ἠ-

138 3957 176 4045 *.)
196 3974 289 4027 aeriua
301 3954 455 4037 additum:
473 3992 551 4031 anuo
566 3976 678 4032 domini
698 3970 781 4040 ttut.

136 4079 189 4154 **)
209 4094 299 4155 aeriua
319 4095 470 4149 additum:
492 4090 550 4150 fol„
570 4094 626 4155 142
647 4092 811 4172 (intelligat
830 4088 896 4150 luter
918 4087 1117 4155 decanorum).
