2714 4740
248 218 316 287 336

248 413 288 482 in
314 407 466 503 privato,
492 417 531 471 et
565 400 689 470 literas
708 405 1018 494 recognitionumz
1056 426 1153 496 meg.
1177 406 1298 481 Petrus

251 534 298 603 de
322 531 442 600 Grecz
459 527 612 597 nationis
634 523 867 610 Boemorum‚
893 547 987 617 mag.
1007 526 1229 599 Helnroldus
1245 531 1299 601 ,da

250 651 457 727 Zoltwedel
475 649 621 717 natione
640 645 843 731 Saxonum,
864 670 959 739 mag.
983 647 1162 735 Heuricus
1183 651 1298 724 Graut

177 804 179 809 ·
247 774 395 847 natione
420 772 658 849 Polonorum,
688 790 785 863 mag.
804 768 1011 839 Fridericus
1035 771 1224 865 Moslsurg
1241 796 1298 845 na.

247 901 347 969 tione
370 880 598 996 Bavarorum.

347 1020 464 1097 Anum
492 1037 561 1104 quo
593 1036 709 1107 supra,
729 1012 790 1083 die
810 1012 963 1105 septima
988 1014 1207 1087 Nouembris
1232 1040 1296 1111 ego

248 1167 348 1234 mag·
370 1139 502 1208 Daniel
529 1139 680 1206 decanus
702 1134 884 1205 facultatis
904 1137 1122 1228 praedictae,
1152 1136 1298 1234 percepi

247 1263 433 1334 indebito
464 1247 672 1346 facultatis,
704 1277 773 1345 quo
797 1255 1005 1326 universitas
1038 1260 1226 1352 obligatur
1253 1259 1298 1330 ei·

246 1388 343 1470 dem,
364 1404 430 1477 pro
455 1382 592 1452 duabus
614 1379 730 1450 tertiis
753 1383 792 1447 in
818 1389 998 1449 rectoratu
1021 1404 1119 1476 mag.
1151 1386 1297 1481 Joauuis

244 1511 296 1581 'de
321 1502 580 1579 Monsterberk
606 1502 820 1594 computatis
854 1503 901 1575 16
934 1505 1121 1596 sexagenis
1155 1528 1295 1599 grosso.

245 1654 338 1714 rum,
364 1631 411 1699 18
435 1628 577 1720 gnossia,
606 1636 642 1693 et
667 1627 828 1708 8‘Holl„
849 1648 934 1715 quas
961 1626 1106 1715 quidem
1128 1629 1295 1721 pecunias

244 1752 367 1842 recepi
406 1775 427 1818 a
462 1771 559 1840 mag.
593 1729 789 1819 Helmoldo
818 1750 863 1817 de
897 1749 1080 1818 Zoltwedl
1113 1772 1185 1841 pro
1216 1762 1297 1824 tunc

244 1882 408 1951 rectore,
429 1890 630 1938 successore
652 1870 830 1960 praedicti
850 1870 1012 1960 magistri
1031 1869 1136 1939 Joan.
1164 1871 1202 1941 in
1221 1876 1296 1941 col·

242 1994 341 2084 legio
366 1991 462 2084 regis
475 1991 692 2070 wenceslai,
712 1996 750 2057 iu
763 1993 865 2059 stuba
877 1996 1133 2085 magistrorum,
1151 1991 1293 2066 ibidem

242 2115 489 2212 praesentibus
520 2136 619 2205 mag,
638 2115 778 2183 Joauue
806 2115 976 2185 Hubener
1006 2125 1043 2183 et
1067 2136 1166 2208 mag.
1181 2113 1289 2186 Nico·

176 2289 177 2293 =
241 2242 303 2310 leo
322 2235 455 2328 Beyer,
478 2235 612 2305 adhoc
639 2237 847 2329 specialiter
869 2237 1017 2307 vocatis.

339 2342 457 2443 Anno,
489 2378 559 2445 quo
586 2376 703 2450 supra,
725 2381 795 2450 pro
821 2342 981 2429 eiramine
1009 2360 1291 2451 baccalariaudo·

242 2506 333 2566 rum,
361 2475 459 2570 quod
494 2478 590 2544 solet
609 2477 690 2545 fieri
725 2478 762 2545 in
789 2487 936 2567 quatuor
967 2481 1194 2573 temporibus
1213 2489 1290 2551 aute

244 2600 474 2670 nativitatem
495 2595 633 2664 Christi
660 2599 767 2665 electi
792 2597 938 2668 fuerunt
966 2601 1004 2681 in
1032 2603 1288 2673 examinatores

243 2718 458 2813 subscriptiva
492 2738 587 2808 mag.
610 2717 768 2787 loannes
795 2718 872 2788 Hus
896 2721 1040 2790 natione
1065 2722 1289 2809 Boemorum,

241 2865 339 2934 mag.
363 2840 533 2911 Nicolaus
554 2838 674 2930 Beyer
690 2843 833 2911 natione
861 2839 1066 2929 Saxonum,
1093 2869 1191 2939 mag.
1212 2848 1288 2921 Fri-

242 2967 384 3053 dericus
405 2964 584 3055 Mosburg
608 2967 751 3032 natione
779 2966 1131 3061 Bavarorum,1nag‚
1160 2971 1286 3041 Frauc.

240 3090 472 3177 Kreyzwycz
505 3089 651 3153 natione
695 3086 937 3171 Polonorum,
980 3089 1042 3177 qui
1072 3082 1289 3159 admiserunt

240 3210 461 3300 subscriptos
495 3206 621 3277 ordine
647 3209 873 3301 conscriptot
900 3206 1097 3303 Gregorius
1116 3211 1164 3281 de
1176 3214 1288 3305 eng·

239 3331 419 3412 Thomas,
446 3327 613 3396 Clemens
626 3328 861 3418 Radomsky,
878 3331 1109 3413 wenceslaus
1126 3332 1175 3405 de
1186 3336 1288 3429 Egra,

240 3455 396 3522 loannes
420 3448 600 3536 Brlnkoff,
627 3451 784 3521 Joaunes
797 3452 965 3544 Scolym,
986 3454 1284 3527 JoaunesPetro·

237 3599 271 3645 w
274 3596 355 3666 ycz,
383 3573 570 3662 Sylvester
591 3571 776 3659 Lassotha,
803 3572 1006 3673 Beruardus
1026 3576 1203 3653 Boudaw.
1227 3572 1286 3653 dd

237 3697 464 3770 'theodricus
491 3697 681 3784 Geysmar.
708 3719 748 3789 p.
786 3698 946 3768 loannes
971 3696 1017 3767 de
1042 3696 1285 3793 (ἐπίῃ).

239 3823 396 3892 ioannes
425 3818 470 3888 de
489 3819 670 3905 Dubczau,
697 3815 786 3890 Otto
807 3819 852 3889 de
876 3817 1097 3914 Wlslragea,
1121 3820 1283 3893 muru·

240 3945 286 4015 de
299 3944 325 4012 J
330 3940 512 4025 rterboch,
538 3941 602 4022 dd,
631 3942 815 4015 Martinus
832 3942 876 4013 de
889 3941 1035 4018 Helkel.
1055 3967 1096 4039 p,
1124 3940 1276 4039 Stepha-
