2700 4732
173 989 990 1189 'Praelatio

481 1316 766 1341 -uu--u-qn
790 1312 793 1321 '

46 1541 325 1688 Univeraitatia
343 1619 518 1714 Pragenae
543 1615 691 1690 facultas
709 1615 951 1714 philosophica
975 1609 1022 1688 ad
1050 1621 1200 1688 couscri-
1309 1688 1311 1695 ,

49 1711 196 1787 bendum
222 1715 355 1791 ordinis
387 1724 443 1790 sui
491 1719 674 1793 historiam
706 1743 790 1793 cum
811 1727 888 1815 ipsa
912 1721 966 1788 rei
999 1710 1202 1789 necessitate

53 1829 227 1910 permota,
250 1832 331 1893 tum
348 1821 399 1892 ab
423 1821 653 1912 inclytissime
677 1828 777 1919 regni
805 1822 974 1918 gubernio
997 1829 1203 1915 provocata,
1304 1912 1306 1917 Ι

55 1928 94 1987 ut
116 1941 224 2016 opere
248 1925 316 1997 hoc
341 1946 452 2016 quam
474 1929 608 2017 optime
625 1927 912 2022 perfungeretur:
937 1927 1098 2018 primum
1123 1945 1199 2011 om·

55 2024 146 2095 niam
168 2023 284 2096 fontes
310 2031 469 2120 aperire,
495 2035 602 2120 atque
627 2026 811 2098 literarum
833 2035 1083 2111 monumenta,
1109 2045 1202 2119 quae

58 2134 114 2192 tut
134 2125 202 2199 tibi
226 2139 367 2223 praesto
393 2137 530 2215 essent,
562 2134 685 2200 autin
709 2130 931 2227 bibliothecis
953 2127 1105 2222 publicis
1128 2130 1202 2220 pri-

63 2228 185 2299 vatisve
211 2234 360 2323 aparaim
385 2230 544 2315 laterent,
570 2226 747 2327 colligere,
768 2239 804 2302 et
827 2235 865 2315 in
891 2253 969 2302 rem
992 2237 1097 2301 auam'
1120 2250 1202 2300 con-

63 2336 185 2400 vertere
210 2336 349 2403 statuit.
453 2336 457 2346 '

158 2536 291 2605 Verum
312 2556 395 2605 cum
419 2543 457 2605 et
480 2529 623 2606 videret
656 2532 838 2626 complura
846 2548 867 2625 ,‘
884 2553 997 2625 caque
1022 2523 1202 2625 praestan·

64 2631 105 2699 ῆι
120 2636 186 2705 ima
216 2637 381 2706 historiae
416 2658 500 2706 auae
528 2632 739 2707 documenta
772 2635 817 2706 ob
849 2636 1032 2705 literarum
1056 2636 1219 2722 insolen„

66 2735 161 2823 llam,
196 2747 305 2831 atque
335 2736 420 2809 hinc
453 2732 538 2809 inde
567 2758 682 2832 prope
719 2742 968 2807 exstincturum
992 2744 1208 2809 vetustatem

68 2831 149 2906 lacu
173 2834 375 2943 ‹lilliciliora
410 2860 505 2924 esse,
539 2832 814 2931 timendumque
840 2860 937 2922 esse,
969 2847 1011 2908 ut
1034 2844 1207 2933 temporie

69 2956 217 3011 noceam
239 2944 383 3035 penitus
421 2946 686 3039 exstinguantur
717 2947 754 3010 et
784 2949 1006 3036 percantet
1033 2942 1208 3036 intellige·
1244 2968 1247 2975 λ
1336 3000 1340 3005 .

68 3047 137 3128 tet,
159 3064 282 3114 eorum
305 3042 482 3137 permulta
523 3066 594 3115 non
618 3037 665 3114 ad
689 3041 798 3112 solam
822 3043 1029 3139 facultatem
1052 3045 1207 3138 philoso-

71 3141 209 3233 phicam,
235 3138 301 3216 aed
325 3138 372 3214 ad
384 3144 541 3239 reliquas
566 3150 685 3232 etiam,
710 3168 866 3238 quarum
889 3146 949 3215 illa
967 3153 1095 3216 matrix
1115 3167 1209 3217 scm·

69 3263 123 3336 per
143 3247 259 3317 habita
286 3256 349 3331 eat,
373 3245 571 3334 facultates,
595 3255 703 3340 atque
727 3252 777 3317 ita
801 3242 847 3317 ad
870 3240 990 3318 totam'
1008 3247 1208 3320 studiorum

69 3342 250 3439 patriorum
289 3353 551 3419 imiteraitatem
583 3353 784 3443 pertinere:
818 3357 893 3419 rata
919 3342 1043 3421 eadem
1078 3363 1206 3423 cetera-

69 3468 138 3521 mm
156 3470 302 3545 quoque
326 3449 530 3522 facultatum
548 3454 634 3522 viria
652 3448 823 3539 eruditis,
845 3448 934 3544 quin
959 3460 996 3522 et
1020 3454 1097 3525 aliis
1120 3452 1208 3524 anti-

70 3554 237 3641 quitatum
254 3561 290 3622 et
314 3552 481 3624 historiae
510 3551 716 3640 cultoribus,
741 3576 854 3646 aeque
879 3577 919 3642 ac
943 3557 1010 3626 sibi
1034 3568 1129 3653 grata
1154 3577 1208 3623 es-

70 3672 103 3721 tc
122 3648 249 3725 debere
274 3662 312 3723 et
334 3663 503 3753 accepta3
530 3665 709 3748 praeterea
726 3650 859 3744 adjuta,
877 3667 956 3726 tum
981 3667 1121 3733 aeterna
1135 3680 1207 3728 me·

71 3760 170 3825 maia
194 3751 394 3853 dignissimi
421 3761 568 3827 senioris
592 3762 647 3825 sui
675 3759 873 3829 Wenceslai
897 3755 1072 3854 Leopoldi
1096 3766 1133 3836 P.
1159 3764 1207 3831 T.

72 3859 235 3953 ptiucipia
252 3855 520 3953 archiepiscopi,
545 3863 607 3952 qui
634 3860 708 3928 sere
732 3863 769 3928 in
802 3862 948 3934 articulo
973 3868 1116 3953 mortis,
1141 3871 1209 3933 ter-

70 3959 115 4027 tio
137 3970 214 4031 aute
230 3959 372 4031 obitum
390 3954 459 4047 die,
483 3956 740 4033 dedicationem
755 3969 845 4033 tomi
864 3966 974 4055 hujus
995 3966 1207 4041 benevolen-
1280 4006 1283 4011 ·

70 4062 196 4135 ὅπως
214 4063 385 4159 ¹succepit,
408 4070 485 4136 tum
504 4057 697 4138 honorandi
714 4062 887 4158 praesidis
910 4075 967 4142 aui
993 4079 1100 4163 atque
1126 4093 1158 4149 c.
1177 4095 1205 4139 r.

10 4560 15 4573 .
37 4600 45 4619 t
193 4544 272 4661 m
