2714 4740
258 206 330 304 'uos

262 450 384 509 mmm
406 437 517 511 Com
537 428 712 517 muger,
734 417 781 487 de
800 424 944 495 natione
965 412 1189 505 Poionorum
1210 436 1313 516 conr

173 582 176 593 ’
268 564 403 649 (inach,
418 569 454 632 et
465 555 684 630 admiserunt
702 548 896 619 secundum
905 548 1075 622 ordinem
1090 554 1199 627 iufra·
1206 542 1351 659 scrip*

268 696 347 756 tos
386 677 590 752 Bernartius
612 674 742 762 Tuge,
768 668 893 737 Simon
913 671 960 740 de
985 675 1104 767 Praga
1117 724 1129 763 ,
1159 679 1310 754 vimen.

262 808 335 881 tius
345 804 404 876 de
427 794 687 876 cmvickawim
715 792 892 861 Martinus
910 794 955 863 de
975 796 1116 890 Praga,
1145 778 1309 877 christia.

269 951 333 997 nus
354 928 398 996 de
420 919 625 999 Molhuseu
653 912 832 983 Gerardus
844 912 1020 1009 Bykynk,
1041 918 1211 991 Androm
1221 924 1309 995 Neu.

271 1046 414 1140 burgh·,
449 1048 603 1115 Joaunes
625 1036 669 1103 ‹le
692 1034 907 1128 Stropnica‚
935 1037 1061 1109 Petrus
1088 1040 1138 1113 de
1158 1048 1311 1139 'Pyrenen

272 1170 330 1242 dd
373 1168 541 1238 Nicolaus
561 1161 722 1232 Nosticz
751 1159 831 1229 Νοιι
853 1157 979 1250 dedit3
1007 1173 1179 1255 mortuus,
1203 1174 1311 1265 pria.-

272 1288 377 1381 quam
400 1282 667 1356 determinavit.

367 1411 461 1480 Item
487 1407 548 1477 19.
576 1402 633 1470 die
664 1399 792 1470 mensis
813 1403 1102 1477 Decembrium
1119 1434 1310 1511 congreg..

268 1536 366 1603 tione
404 1527 587 1599 facultatis
628 1547 695 1618 pro
740 1528 988 1598 concurrentia
1027 1534 1192 1623 magistri
1222 1540 1313 1611 iufra

270 1654 396 1744 scripti
415 1651 729 1744 supplicaverunt,
755 1655 792 1715 et
814 1648 1053 1736 obtinuerunt,
1079 1676 1179 1749 mag.
1203 1660 1314 1736 Heur.

269 1773 488 1863 Perchting‚
508 1779 546 1840 et
573 1793 670 1860 mag.
699 1767 920 1839 Christianus
942 1762 1222 1871 Boyaembcrg,
1249 1807 1313 1856 ve.

268 1912 378 1971 terem
405 1907 541 1973 artem,
568 1913 659 1982 mag.
687 1891 801 1967 Hem.
823 1892 1045 1980 Ribbenicz,
1065 1880 1317 2001 philosophico-

268 2040 349 2091 rum
360 2017 409 2105 *)‚
420 2015 589 2085 Nicolaus
601 2012 707 2083 Stoer
719 2011 880 2106 priorum
890 2025 927 2083 et
936 2015 1318 2117 Bernardeleysch

267 2151 453 2213 tractatus
473 2133 572 2209 Petri
594 2127 697 2231 Hisp.

362 2259 457 2328 Item
484 2257 611 2326 ultima·
639 2255 697 2325 die
730 2255 860 2324 mensis
895 2256 1102 2330 Decembris
1136 2261 1316 2345 Gerardm

268 2384 436 2476 Bykyug
461 2379 535 2449 det.
557 2380 619 2449 sub
640 2400 733 2470 mag.
761 2378 913 2448 Nicolao
937 2377 1072 2473 Beyer.

362 2503 458 2569 Item
488 2501 552 2572 21.
578 2498 637 2565 die
661 2498 789 2566 mensis
815 2499 978 2569 «Ianuarii
1010 2501 1218 2581 Bernardus
1241 2514 1313 2584 Tu.

267 2625 342 2718 ghe
366 2624 439 2694 det.
457 2623 518 2692 sub
545 2642 641 2710 mag.
666 2621 805 2689 Jacobo
829 2620 1061 2716 Bartnsteyu.

363 2744 458 2813 Item
483 2742 542 2812 17.
564 2743 623 2809 die
659 2744 818 2828 ejusdem
849 2747 926 2824 det.
950 2747 1130 2821 Martinus
1151 2752 1200 2823 do
1233 2756 1314 2827 Pra-

262 2864 341 2959 gha
362 2869 423 2936 sub
447 2886 542 2956 mag.
563 2863 756 2932 Cristanno
778 2865 823 2933 de
847 2867 1077 2948 Prachaticz.

363 2986 543 3060 [temti.
578 2985 638 3054 die
671 2986 801 3054 mensis
827 2989 987 3073 ejusdem
1018 2994 1129 3068 Joan.
1151 2996 1200 3068 de
1227 3000 1315 3074 Lou-

267 3115 350 3183 bicz
372 3113 447 3180 det.
470 3110 533 3181 sub
554 3131 647 3199 mag.
673 3109 812 3177 Joauue
835 3108 881 3177 de
900 3113 1045 3191 Mutha.

362 3233 457 3301 Item
488 3232 525 3298 in
554 3231 686 3320 uigilia
708 3231 971 3324 purificationis
999 3238 1196 3311 amariae
1218 3266 1309 3336 mag.

269 3354 432 3427 Michael
453 3353 598 3444 Strage]
632 3352 677 3420 de
699 3354 868 3444 Wysnua
897 3366 950 3424 est
967 3367 1141 3431 assumtus
1165 3365 1207 3435 in
1233 3390 1312 3437 oon.

265 3479 413 3577 sortium
441 3478 719 3566 magistrorum,
745 3478 807 3565 qui
835 3483 1031 3573 complevit
1055 3483 1221 3572 iniuncta
1245 3490 1313 3559 sibi

265 3627 286 3670 a
297 3602 469 3670 facultate
479 3600 579 3687 juxta
591 3599 741 3668 formam
755 3608 962 3675 statutorum
980 3612 1018 3673 et
1038 3588 1144 3678 dedit
1159 3611 1311 3685 bursam.

265 3873 553 3891 m

300 3988 333 4062 ²²)
353 3997 456 4052 Codex
476 3994 580 4051 habetr
607 3992 776 4067 pilleorum.
