2700 4732
52 469 56 489 ’
159 449 252 517 Item
282 443 408 515 eodem
433 437 495 511 die
525 440 671 514 fuerunt
706 440 816 511 electi
849 433 996 533 quituor
1015 452 1112 546 mgri
1143 412 1148 433 ζ
1181 442 1185 452 ’

65 571 109 638 de
127 578 278 658 quatuor
299 566 509 651 nationibus,
542 565 611 652 qui·
639 585 719 634 cum
749 567 883 634 decano
903 563 1037 640 hahent
1056 593 1111 642 res

64 695 224 784 spicere,
248 691 341 780 quod
360 694 490 756 statuta
509 685 694 754 facultatis
713 685 836 754 debito
855 687 1108 784 observentur:

66 836 162 904 mag.
198 817 343 884 Marcus
374 812 418 881 dc
449 809 571 882 Greca
616 806 661 876 de
688 801 830 877 natione
857 806 1113 908 Bohemorum,
1191 889 1193 892 Α
1320 837 1323 847 ·

68 957 165 1025 mag.
202 936 385 1026 Heningus
417 932 463 1000 de
497 931 714 1000 Hilden'rem
742 931 789 998 de
826 933 970 1003 natione
1001 939 1133 1008 Saxo·
1258 972 1261 977 ,

65 1078 156 1141 num,
174 1050 267 1149 mag.
290 1058 443 1125 Joannes
472 1053 630 1123 Hofman
652 1055 697 1120 de
718 1053 861 1124 natione
880 1053 1111 1144 Polonorum,

67 1200 165 1271 mag.
189 1176 417 1248 Burchardus
438 1175 484 1244 de
505 1175 651 1244 natione
670 1157 900 1250 Bavarorum.
978 1209 979 1212 ¹
1023 1191 1029 1200 ’

161 1299 254 1368 Item
269 1297 393 1369 eodem
415 1321 505 1368 anno
528 1296 589 1370 12.
610 1296 670 1366 die
683 1300 811 1368 mensis
827 1296 997 1389 Octobris
1019 1302 1114 1372 elec·

66 1421 97 1486 ti
125 1420 263 1490 suerunt
296 1421 380 1488 novi
412 1421 624 1490 collectores
655 1420 883 1512 pecuniarum
905 1420 1113 1497 facultatis:

65 1564 161 1632 mag.
187 1543 427 1633 Marquardus
449 1543 682 1633 Krynemau,
703 1563 798 1634 mag.
820 1541 949 1612 Petrus
970 1542 1116 1636 Vgezd‚

163 1666 255 1733 Item
270 1666 395 1734 cadem
416 1663 475 1733 die
488 1665 599 1733 eiecti
623 1663 764 1734 fuerunt
784 1683 994 1743 asseswrcsz
1014 1686 1114 1760 mag·

67 1784 234 1858 Nicolaum
260 1786 355 1867 stoc,
373 1808 467 1877 mag.
487 1784 726 1854 Burchardus.
896 1780 899 1785 ’

168 1911 261 1976 ltem
285 1910 579 2000 dispensatores:
616 1928 719 1998 mag.
749 1906 935 2001 Heningu's
966 1907 1012 1977 de
1034 1908 1118 1982 Hil-

70 2037 226 2112 densem,
263 2053 358 2120 mag.
381 2031 570 2119 Gregorius
598 2030 762 2099 'rhomae
796 2029 841 2098 de
863 2011 992 2124 Pragass
1018 2057 1116 2126 mag.
1179 2029 1184 2042 '

71 2153 233 2221 Michael
256 2152 300 2218 de
322 2149 527 2227 Kothebus,
548 2170 643 2237 mag.
662 2149 880 2218 Hermannua
911 2153 956 2219 dc
974 2152 1115 2222 Altori.

158 2279 274 2357 Anno,
310 2294 376 2358 quo
403 2293 516 2362 supra,
554 2268 783 2337 existentibus
815 2270 1114 2341 examinatoribus

68 2394 418 2466 baccaluriaudorum
436 2393 516 2482 ipso
534 2390 645 2458 Petro
664 2387 796 2458 scorch
810 2411 878 2482 pro
902 2398 987 2459 runc
1009 2391 1122 2482 doca-¹

66 2543 125 2601 no,
164 2537 257 2604 mag.
293 2509 489 2603 Ludolpho
514 2510 772 2594 Meisterman,
798 2532 893 2600 mag.
918 2511 1046 2583 Marco
1066 2513 1114 2582 de

68 2640 194 2716 Grecz,
223 2658 315 2727 mag.
327 2633 518 2708 Vincentio
539 2631 682 2703 Gruncr
706 2629 751 2699 de
773 2629 990 2708 czwickaw.
1014 2654 1113 2728 mag.

69 2758 275 2825 Burclrardo
293 2756 339 2823 de
350 2753 528 2844 Balingen
540 2750 685 2821 admissi
696 2751 836 2824 fuerunt
850 2753 945 2822 infra
956 2755 1084 2850 scripti
1099 2772 1112 2828 t
1149 2835 1159 2853 .

69 2880 245 2947 Conradus
271 2875 529 2946 deZolueldia.
557 2869 805 2945 Theodericus
830 2873 1110 2959 uessrunswrcn

67 3002 104 3076 d.
143 2999 330 3069 Oswaldus
360 2998 674 3086 Mengersrewter.
704 2994 858 3064 Joauncs
882 2993 929 3063 de
953 2995 1113 3088 Gyczin.

70 3123 106 3196 d.
135 3120 292 3189 Mathias
313 3116 569 3192 Schaustwicz.
593 3116 631 3195 d.
670 3116 792 3195 Nicol.
810 3116 970 3191 Kranch.
998 3119 1115 3190 Adol-

68 3242 162 3336 phus
195 3246 317 3331 Sygen
348 3239 541 3310 Mcnckler
553 3287 565 3324 ,
601 3240 759 3309 Joanncs
777 3240 933 3321 Emum,
958 3238 1115 3319 conrad.

72 3362 247 3443 norman,
275 3359 426 3429 Gabriel
450 3365 493 3433 dc
513 3341 740 3442 Ewanezrczj
764 3359 1115 3450 NicolauaCreucze·

69 3489 171 3573 burg.
202 3480 262 3550 dd.
301 3480 507 3552 Cristaunus
548 3482 795 3556 Cultelliiicis.
853 3484 1011 3555 ioannes
1037 3468 1124 3555 To?
1193 3548 1196 3554 .

72 3607 220 3675 ckerirn.
259 3600 463 3694 Stephanus
494 3602 542 3682 do
573 3602 703 3679 Olzna.
739 3607 893 3676 ammes
915 3600 961 3675 dc
981 3603 1113 3697 Praga,

70 3725 192 3798 Nicol.
222 3725 364 3816 Engem
409 3722 596 3847 Gotiridus
627 3728 895 3822 Varentrapp,'
922 3725 1114 3798 wernerus

71 3851 220 3923 Stellcr.
248 3846 313 3923 dd.
339 3846 500 3917 «Ioannes
521 3844 663 3939 Iaspho
683 3847 729 3917 de
746 3847 887 3942 Sygan.

165 3971 271 4042 Anno
287 3968 434 4043 Domini
454 3965 568 4070 14052
589 3970 762 4044 existente
783 3993 880 4069 mag.
895 3969 1036 4047 Pusruir
1056 3968 1110 4043 ai·
