2714 4740
110 320 120 388 ’,
208 308 287 379 lntr.
308 302 363 378 tv.
1137 319 1183 385 o7

178 507 252 574 etiam
277 498 400 574 absen's
427 503 466 601 iu
488 503 691 597 praemissis
731 506 881 577 rebellis
896 507 1035 598 tunic,
1057 516 1183 582 contra

175 627 255 697 talem
272 624 510 723 procedatur,
528 625 622 729 quod
646 644 690 694 ex
712 633 796 695 tuuc
816 607 912 698 infra
932 653 996 700 sex
1011 631 1183 725 diespro·

171 748 258 819 'dnos
287 772 310 818 a
335 757 510 851 tompore¹
527 741 819 841 congregationis
847 746 1102 840 &hujusmodi
1128 754 1182 824 in·

110 882 118 944 f
167 874 330 973 junctionis
362 874 643 967 computandos,
678 873 723 943 sit
757 874 1012 946 condemnatus
1043 879 1089 947 ad
1120 869 1188 947 dn·-

110 1006 115 1049 τ’
164 1001 268 1094 plorat
289 999 386 1090 quod
420 978 449 1067 si
464 998 599 1093 ,animo
632 996 795 1070 indurato
821 999 857 1067 iu
885 996 1091 1093 praemissis
1108 1004 1182 1068 sta·

162 1128 217 1194 tuto
246 1145 315 1190 non
346 1120 527 1214 paruerit,
565 1119 658 1188 infra
692 1121 784 1189 alios
816 1143 877 1188 sex
901 1101 978 1190 dies
1016 1125 1182 1215 proxime

159 1254 325 1335 aquenses
348 1244 396 1312 sit
424 1245 470 1312 ab
496 1245 817 1314 omnihus-actibus
844 1242 1028 1314 facultatis
1059 1249 1181 1338 publi·

157 1366 242 1439 cis&
269 1366 420 1459 privatis
453 1390 638 1459 suspensus
661 1366 740 1460 ipso
770 1366 893 1439 facto:
931 1367 961 1434 si
996 1368 1096 1439 vero
1117 1397 1184 1444 nec

154 1495 241 1573 tuuc,
264 1489 360 1580 quod
381 1490 499 1572 absit,
525 1487 572 1558 ud
604 1490 848 1559 obedientiam
871 1510 1031 1561 reversus
1064 1495 1184 1587 fuerit,

110 1598 113 1607 ⁵
152 1610 355 1681 amunte
387 1613 517 1682 artium
543 1612 656 1706 lapsis
688 1629 751 1679 sex
775 1609 899 1678 diebus
937 1611 1067 1683 iterum
1099 1642 1183 1709 pm.

156 1732 238 1805 xime
257 1734 485 1824 sequentibus
516 1735 564 1803 sit
593 1733 780 1821 exclusus,
804 1731 1009 1806 &decanus
1033 1736 1185 1810 faculta.

154 1833 196 1927 tis
222 1859 371 1943 artium,
397 1857 456 1945 qui
486 1881 556 1950 pro
579 1864 742 1950 tempore
774 1857 902 1942 fuerit,
929 1859 1041 1928 talem
1068 1861 1185 1930 exclu-

154 2002 217 2050 ιιι
238 1979 368 2063 iaciat,
395 1981 563 2071 exigente
592 1980 662 2050 hoc
691 1980 802 2073 ipsius
826 1981 1092 2067 inobedientia,
1119 2006 1188 2075 per
1223 2064 1225 2067 v

158 2124 266 2170 omnes
292 2101 437 2185 scholas
456 2103 595 2173 ‘artium
619 2104 813 2197 publicari.
863 2103 1012 2196 Insuper
1044 2105 1186 2173 conclu·

154 2243 218 2293 um
238 2224 308 2296 ,tuit
344 2237 382 2297 et
411 2232 598 2310 statutum,
643 2223 739 2315 quod
770 2225 943 2314 magistro
986 2222 1187 2314 disputanti

155 2345 196 2415 de
216 2351 393 2438 quolibet,
419 2350 528 2418 debet
559 2349 606 2417 de
637 2348 800 2441 pecuniis
836 2343 1025 2413 facultatis
1058 2367 1189 2435 procu·

153 2472 216 2541 nri
232 2444 565 2570 novumhirretuin,
592 2471 623 2542 8r
644 2495 711 2564 par
734 2467 1043 2547 chirothecarum,
1069 2466 1189 2562 &par

151 2596 334 2689 caligarum
365 2597 462 2688 nigri
505 2597 658 2677 colonio,
692 2594 786 2662 tanti
805 2580 949 2686 pretii,
989 2594 1084 2681 quod
1120 2618 1208 2689 pro
1310 2662 1312 2666 ,

150 2720 300 2819 omnibus
327 2719 406 2787 istis
435 2720 552 2787 media
584 2720 763 2811 sexagena
795 2717 842 2785 ad
868 2718 982 2787 minus
1013 2718 1194 2810 expenda-

147 2856 216 2934 tur,
242 2858 279 2917 et
304 2849 373 2916 ista
395 2846 528 2914 debent
563 2840 632 2914 sihi
662 2847 780 2937 prima
820 2844 881 2912 die
912 2853 994 2911 suae
1029 2842 1188 2934 disputa·

145 2970 248 3039 tionis
280 2990 328 3039 ex
351 2969 576 3038 ordinatione
606 2967 733 3036 decani
768 2988 835 3059 per
871 2988 978 3034 unum
1012 2964 1191 3034 bidellum

139 3091 280 3176 uomiuo
307 3088 492 3161 facultatis
513 3089 659 3183 publice
695 3087 742 3156 ad
780 3084 990 3156 cathedram
1025 3067 1193 3180 praesen·

137 3221 213 3295 tari,
326 3232 330 3239 '
