2714 4740
262 253 305 352 94
737 289 740 298 '
873 224 875 230 ⁴
1067 260 1268 348 liubrch¹
1348 260 1351 287 ¹

259 480 376 569 sistri,
401 478 460 583 ¹qui
483 488 642 576 quintum
671 509 802 555 annum
828 485 878 554 sui
902 479 1087 573 regiminis
1114 499 1188 544 non
1219 473 1305 541 atti·

252 617 397 710 gerunt,
426 587 577 679 concilio
608 635 677 680 non
712 611 884 679 deberent
917 606 1111 684 interesses
1138 598 1229 667 huic
1253 603 1306 664 ta·
1335 636 1339 645 ·

260 751 341 796 men
371 730 606 801 declarationi
636 733 739 800 multi
767 755 837 800 non
866 714 1130 809 adhaeserunt3
1172 717 1307 787 ethos

261 857 431 924 statutum
451 865 528 925 erat
551 857 588 923 in
605 857 779 924 decanatu
797 851 961 944 magistri
983 846 1146 919 Joannis
1161 841 1208 912 de
1223 839 1308 910 Hil-

263 969 465 1053 densheirn.
588 1048 591 1058 ,

356 1121 400 1189 ln
420 1121 594 1192 decanatu
618 1122 781 1215 magistri
803 1118 953 1191 Joannis
983 1114 1029 1183 de
1050 1105 1312 1182 Hildensheirn
1344 1140 1350 1155 ·

260 1244 361 1312 nullo
381 1248 649 1316 contradicente
664 1245 878 1314 unanimiter
897 1243 1099 1311 conclusum
1116 1234 1198 1316 fuit,
1210 1225 1311 1321 quod

261 1365 413 1437 decanus
435 1368 616 1439 facultatis
638 1371 766 1440 artium
781 1392 848 1436 una
866 1390 943 1461 cum
963 1363 1098 1432 duobus
1122 1351 1310 1446 magistris

263 1470 334 1557 sibi
359 1493 582 1578 coadjunctis
606 1502 784 1562 rectorem
807 1484 1051 1558 universitatis
1081 1476 1312 1550 accederent,

263 1615 516 1703 supplicanter,
547 1625 712 1704 quatenus
734 1615 919 1706 simplices
941 1610 1132 1700 magistros
1158 1607 1198 1673 in
1223 1606 1312 1677 arti·

263 1733 329 1800 bus
351 1736 388 1803 in
418 1737 630 1828 colligendo
661 1760 765 1807 voces
796 1735 1048 1825 magistrorum
1070 1731 1108 1798 in
1150 1729 1313 1800 concilio

263 1855 499 1927 universitatis
522 1860 714 1928 secundum
739 1858 872 1927 senium
895 1853 1096 1948 magisterii
1119 1853 1159 1920 in
1175 1853 1314 1922 artibus

262 1976 395 2059 audiat,
416 1981 469 2046 ita
490 1979 583 2066 quod
609 1980 726 2065 junior
748 1981 918 2070 magister
938 1978 975 2045 in
1006 1978 1139 2046 artibus
1168 1975 1333 2083 rationov

262 2096 390 2187 gradus
419 2100 685 2180 baccalariatus‚
716 2102 950 2189 cujuscunque
986 2095 1169 2170 facultatis
1189 2093 1311 2180 fuerit,

262 2240 387 2289 vocem
412 2231 495 2290 ante
528 2224 705 2292 seniorem
729 2247 798 2292 non
823 2222 931 2304 dicat,
956 2222 1038 2309 quia
1062 2217 1234 2287 facultati
1257 2241 1313 2286 ar·

263 2339 355 2409 tium
385 2323 576 2436 apparuit,
603 2345 696 2435 quad
721 2343 790 2414 hoc
818 2342 1012 2435 suppositis
1043 2339 1230 2410 facultatis
1259 2363 1315 2412 ar.

264 2460 354 2529 tium
378 2463 548 2534 debeatur
570 2466 616 2534 de
636 2470 723 2552 jure,
753 2476 789 2535 et
815 2464 910 2555 quod
939 2465 985 2534 ad
1012 2460 1082 2535 hoc
1111 2463 1313 2541 defenden-

265 2581 351 2687 dum
370 2591 548 2662 teneatur.

769 2758 807 2826 3.

266 2907 325 2986 De
350 2906 568 3012 obedientia,
602 2941 707 3023 quam
732 2918 877 3015 faciunt
913 2917 1041 2997 decurro
1080 2922 1225 3031 nouiter
1261 2923 1314 3000 in·

581 3059 723 3121 arantes
748 3043 801 3121 ad
820 3042 981 3129 concilia.

361 3208 453 3276 ltem
472 3208 509 3278 in
526 3210 635 3302 plena
657 3213 938 3304 congregatione
953 3214 1219 3304 magistrorum,
1241 3239 1316 3290 ma·

266 3329 372 3420 gistri
391 3330 635 3400 conciliariter
656 3335 841 3403 convocati
863 3334 1087 3402 concorditer
1104 3344 1314 3418 statuerunt,

268 3449 364 3538 quod
391 3451 544 3536 quilibet
574 3452 722 3520 existens
747 3454 783 3520 in
806 3452 976 3525 facultate
1009 3453 1150 3537 artium,
1184 3462 1247 3531 aut
1268 3454 1316 3526 de

267 3591 358 3638 novo
384 3569 520 3637 intrans
541 3572 688 3641 eandem
712 3572 822 3640 faciat
851 3577 963 3642 semel
986 3576 1232 3645 obedientiam
1256 3556 1318 3647 dess

267 3712 354 3758 cano
378 3699 414 3755 et
438 3693 694 3760 suecessoribus
725 3697 790 3760 suis
811 3696 871 3763 sub
901 3695 969 3764 hac
992 3695 1129 3767 forma:
1155 3699 1242 3792 Ego
1265 3696 1319 3776 Ν.

269 3813 441 3905 promitto
468 3811 657 3881 bonafide
690 3815 791 3882 vobis
823 3816 956 3887 decano
979 3830 1016 3886 et
1036 3818 1161 3888 vestris
1181 3843 1319 3892 sucees-

268 3934 423 4018 entibus,
448 3935 506 4024 qui
527 3959 594 4026 pro
619 3946 781 4030 ternpore
806 3938 953 4024 fuerint,
993 3942 1028 4011 in
1051 3943 1161 4012 licitis
1183 3956 1222 4014 et
1253 3947 1322 4020 ho·
