2700 4732
102 218 168 289 ³³2

106 398 373 503 imponentes
399 402 445 471 de
467 398 662 471 wlotaota
689 398 737 469 de
762 399 907 467 natione
929 396 1158 501 Boemornm,

108 554 204 624 mog.
237 523 473 617 Marqmrdm
492 525 699 614 Krynemsn
720 519 933 592 deuotione
964 524 1159 639 Salentinae²

107 673 205 746 mage
229 649 382 723 dacobos
402 645 448 717 de
470 644 599 715 Athesi
619 642 828 713 donatione
846 641 1080 719 Bavasorum.

202 773 296 843 Item
316 791 408 841 anno
427 770 568 851 eodem,
588 790 655 857 qao
675 767 975 858 sopra,.doannes
1002 772 1051 841 de
1073 774 1153 847 cas-

108 898 176 979 sel,
208 894 428 966 baccalarius
448 890 697 975 ,universitatis
715 889 972 977 Erfordiensis,
998 895 1063 969 24.
1099 896 1154 965 dio

110 1018 206 1105 Maii
231 1025 394 1108 receptus
417 988 487 1082 fnit
515 1012 560 1080 ad
583 1011 802 1097 facultatem,
825 1024 1071 1107 praesentatae
1089 1042 1153 1113 per

109 1159 208 1230 mag.
229 1137 422 1205 Hemicam
447 1131 492 1201 de
510 1134 707 1223 Homberg.
727 1132 764 1201 d.

204 1258 298 1327 Item
331 1280 422 1325 anno
451 1255 577 1325 eodem
605 1254 663 1323 dio
689 1253 752 1327 14.
780 1256 907 1327 mensis
940 1260 1049 1331 danii
1083 1263 1149 1339 ch.

110 1377 255 1473 (Com.)
283 1382 496 1450 Mercatoris
518 1377 674 1447 obtinuit
697 1376 940 1447 dimissionem
959 1379 1088 1455 burm
1104 1410 1152 1459 η.

110 1505 262 1573 canadam
281 1502 431 1575 formam
451 1500 588 1585 statuti,
608 1508 649 1573 et·
664 1497 805 1569 fuerunt
826 1499 892 1575 issi,
904 1510 1038 1577 testes:
1060 1532 1149 1601 mag.

107 1625 173 1697 Ch.
197 1627 336 1716 Ringer
359 1634 396 1691 et
417 1646 513 1714 mag.
534 1624 688 1693 Jacobas
716 1621 762 1689 de
786 1622 926 1697 Athesi.
1056 1615 1059 1621 ’

205 1747 297 1813 Item
329 1749 451 1813 eodem
484 1746 541 1813 die
568 1744 779 1835 Dyetericus
807 1742 853 1811 de
886 1746 1150 1848 Asohaffnburg

112 1884 149 1941 et
171 1869 324 1939 conrad.
346 1866 461 1937 Thws
481 1864 597 1961 (infra
615 1865 732 1956 Taws)
758 1871 982 1940 obtinuerant
999 1876 1148 1947 ditatio.

112 1956 194 2063 item
227 1989 354 2058 bursae
386 1990 587 2073 facultatis,
624 1989 672 2057 ad
713 1992 986 2080 persolvendum
1028 2006 1150 2069 tamen

109 2126 276 2206 tempore
302 2111 373 2177 mei
393 2110 584 2181 decanatus
603 2110 663 2178 sub
687 2110 809 2179 eadem
836 2135 963 2204 poena,
990 2117 1083 2185 sicut
1100 2123 1149 2207 jo.

110 2228 291 2317 caverunt,
314 2236 406 2323 quod
429 2232 523 2302 infra
547 2234 760 2323 quindenam
781 2237 987 2327 persolvere
1005 2241 1148 2326 vellent,

108 2353 350 2451 ¹'consputando
374 2363 577 2448 atempore
601 2356 789 2425 locationis
812 2379 941 2431 corum.

207 2479 299 2547 Item
310 2479 548 2563 eodemanno,
561 2479 620 2545 die
634 2481 697 2552 22.
716 2481 847 2549 mensis
876 2484 980 2551 danii
991 2488 1148 2562 Michael

112 2604 286 2692 Rehperg
316 2610 353 2665 et
373 2601 540 2668 Nicotaus
561 2602 690 2671 Keller
717 2605 949 2674 obtinuerant
978 2610 1147 2687 dimissio.

110 2744 192 2789 nem
214 2721 338 2788 bursae
358 2719 552 2787 secundum
573 2719 724 2789 formam
744 2726 880 2797 statuti.

110 2908 113 2913 .
206 2845 324 2923 Anno,
351 2862 422 2930 quo
449 2864 565 2932 supra,
587 2865 655 2934 pro
677 2847 837 2914 examine
864 2849 1146 2930 baccalariando·

108 2991 196 3050 sum,
230 2965 327 3056 quod
355 2965 448 3032 solet
473 2962 559 3033 fieri
590 2967 628 3033 in
657 2977 812 3054 quatuor-
823 2975 1051 3063 temporibus
1069 2994 1143 3073 post

108 3093 240 3159 festum
267 3096 492 3181 pentecostes
516 3087 623 3155 electi
650 3087 794 3157 fuerunt
828 3091 865 3159 in
889 3100 1144 3173 examinatores

108 3222 257 3301 quatuor
276 3212 371 3301 mgni
388 3211 433 3278 de
452 3223 599 3300 quatuor
612 3212 816 3283 nationibus
825 3213 870 3281 ad
886 3214 1076 3308 decanum,
1094 3226 1143 3295 ei.

109 3330 265 3397 delicet:
291 3353 387 3420 mag.
410 3328 591 3405 Conrados
608 3332 749 3423 Ringer
769 3332 814 3399 de
835 3333 980 3405 natione
995 3339 1144 3415 Basaro·

106 3471 195 3531 rum,
222 3471 320 3537 mag.
357 3449 526 3538 Nicotaus
559 3449 717 3521 Gerkow
748 3454 792 3520 de
819 3454 963 3524 natione
998 3460 1143 3539 Potane-

107 3593 193 3652 rom,
231 3591 326 3660 mag.
350 3571 457 3640 Joan.
476 3572 521 3640 de
541 3573 693 3642 Colonia
721 3571 766 3641 de
796 3575 941 3643 natione
969 3578 1141 3655 Bohemo·

105 3715 192 3776 sum,
213 3713 311 3781 nsag.
345 3691 507 3761 Mathias
541 3693 753 3782 Bryozikch
787 3695 837 3773 de,
865 3699 1015 3771 natione
1041 3704 1142 3777 Saxo·

104 3835 210 3907 num,
254 3822 291 3879 et
319 3810 427 3880 finito
468 3814 629 3883 examine
671 3815 889 3885 admiserunt
927 3820 1142 3917 subscriptos

102 3933 292 4005 secondom
327 3931 420 4006 hanc
461 3934 650 4008 ordinemz
690 3935 838 4028 Thymo
868 3939 915 4007 de
945 3940 1142 4027 Ytzehnde,
