2700 4732
109 290 151 355 16
960 271 1047 339 nuh.
1070 270 1118 339 11.

62 566 65 571 Ι
109 476 205 548 infra
226 473 381 546 medium
399 497 549 558 anuum,
573 469 632 540 vel
652 464 749 536 aliud
773 469 933 558 tempus,
971 467 1163 543 secundun

109 601 203 691 quod
229 598 280 668 eit
304 622 370 691 per
388 587 559 667 decanum
587 589 770 662 facultatis
798 588 1003 679 deputatur.
1056 592 1110 661 Et
1128 597 1163 663 ti

110 727 224 814 aliqui
245 723 442 794 baccalarii
468 730 550 790 actu
575 744 648 790 non
680 716 862 811 habeant,
898 716 969 785 ribi
1003 714 1165 788 debeant

109 853 202 921 infra
232 849 388 918 medium
417 870 546 919 annum
583 859 815 934 comparare3
854 841 923 913 hoc
954 842 1166 937 intelligen-

109 978 205 1060 dum,
223 976 336 1043 sinon
361 973 481 1040 obstet
500 969 712 1040 consuetudo
734 969 779 1036 ad
795 966 1024 1045 contrarium,
1053 967 1163 1037 Com·

110 1095 224 1163 munis
247 1092 462 1163 consuetudo
490 1091 526 1157 in
548 1088 777 1158 universitate
797 1087 922 1169 luerat,
946 1097 985 1157 ut
1008 1070 1163 1187 graelum

103 1227 178 1297 tus,
197 1234 301 1302 quum
314 1235 379 1306 per
393 1236 430 1281 se
449 1210 614 1280 habiturn
634 1233 841 1303 comparare
864 1234 934 1279 non
955 1208 1080 1292 valuit,
1091 1232 1161 1303 pro

109 1334 299 1409 ‘visitandis
327 1336 462 1408 actibus
484 1335 706 1407 scholasticis
730 1336 776 1403 ab
795 1335 868 1406 alio
889 1334 1083 1408 mutuabat,

548 1530 611 1600 26.
666 1532 729 1602 27.

113 1701 174 1781 De
196 1700 358 1776 examine
382 1709 419 1772 et
442 1692 542 1772 modo
561 1698 794 1798 promovendi
818 1690 1161 1805 aragistrandmnss

115 1823 226 1933 Quod
246 1826 509 1900 examinatores
537 1822 670 1901 nullam
695 1825 906 1919 admittant,
926 1829 996 1907 niti
1015 1826 1165 1907 aramve·

483 1945 538 2021 rit
560 1942 671 2032 libros
694 1971 789 2026 suos.

205 2113 261 2187 Ut
284 2112 436 2181 infames
465 2120 501 2181 et
523 2114 670 2197 discoli,
696 2098 980 2185 in⁹universitate
1006 2116 1074 2215 ista
1093 2094 1165 2185 11011

106 2241 200 2310 bene
225 2236 323 2318 noti,
351 2237 398 2304 ad
415 2236 563 2327 gradum
583 2241 781 2329 magisterii
799 2242 842 2309 de
862 2241 964 2310 facili
1000 2266 1073 2312 non
1105 2264 1164 2309 va·

106 2367 205 2433 leant
238 2362 464 2454 promoveri,
492 2368 656 2433 statutum
691 2365 762 2434 fuit
802 2377 838 2435 et
865 2367 1081 2441 conclusum¹
1104 2366 1165 2437 14.

107 2491 166 2558 die
186 2487 316 2556 mensis
340 2489 575 2581 Septembris,
603 2490 696 2576 quod
718 2490 832 2561 nullus
852 2490 1103 2582 magistrorum
1115 2489 1162 2557 de

105 2614 273 2682 facultate
299 2622 443 2694 nostra,
467 2613 526 2701 qui
545 2636 612 2704 pro
639 2592 880 2682 elraminatore
901 2615 1164 2707 magistrando·

105 2762 184 2810 rum
211 2736 318 2805 fuerit
345 2736 546 2828 deputatus,
574 2718 730 2825 aliquem
752 2738 797 2807 arl
817 2748 1002 2811 tentamen
1026 2741 1161 2811 admit·

105 2873 170 2946 tat,
183 2863 250 2931 nisi
268 2861 449 2952 complete
460 2859 637 2929 audiverit
652 2862 763 2931 libros
777 2843 873 2931 inlra
885 2867 1050 2959 scriptos,
1059 2868 1176 2937 vidc·'

104 2990 191 3057 licet
211 3012 335 3059 omnes
356 2986 469 3054 libros
484 2983 628 3071 majoris
641 2981 829 3074 physicae,
851 2987 890 3074 ⁴¹)
906 2989 1064 3081 logicam
1075 2992 1161 3061 Ari.

52 3094 54 3098 Α
104 3111 253 3192 stotelis,
267 3106 479 3189 ethicorum,
497 3104 741 3197 politicorum,
755 3086 1064 3183 oecohornicorum
1078 3107 1160 3202 ,**),
1214 3183 1216 3187 ,

105 3250 167 3302 sex
202 3230 314 3297 libros
355 3227 548 3308 Euclid‘rs,
587 3224 777 3317 sphaeram
826 3228 1055 3317 theoricam,
1092 3234 1163 3309 ali·

104 3351 187 3441 quid
215 3353 252 3418 in
291 3351 422 3417 musica
441 3358 488 3415 et
514 3347 741 3417 arithmetica
769 3345 859 3439 ***),
886 3330 1159 3445 perspectivam

104 3493 337 3556 communem,
368 3471 413 3541 de
444 3492 547 3538 seusu
561 3479 607 3562 ,et
628 3479 777 3549 sensato,
806 3470 851 3538 de
883 3476 1009 3541 somna
1045 3486 1084 3577 et
1112 3479 1164 3546 ri·

104 3593 211 3688 gilla,

153 3892 189 3972 *)
230 3899 333 3954 codex
352 3895 437 3951 habet
456 3894 560 3962 major,
578 3891 660 3951 Phia,

156 4008 210 4084 ”t
256 4039 294 4057 -·
369 4046 407 4060 -
453 4012 700 4084 yconomicorum,

152 4129 229 4208 m)
248 4165 285 4179 -
361 4162 400 4180 -·
444 4140 613 4204 aritmettca,
633 4133 867 4207 pronuntiatione
886 4148 954 4187 rere
973 4148 1085 4207 graeca.
