2700 4732
247 223 293 295 80
626 195 629 207 ¹
1070 191 1176 278 nubi.
1197 210 1239 284 V.

741 413 809 492 23.
1228 468 1231 472 .

247 547 308 628 De
324 540 461 648 formis
483 528 681 642 spasmon·
701 528 916 617 literarum,
933 553 1041 636 ¹qnae
1065 528 1104 606 in
1124 527 1306 633 principio

510 663 618 739 istius
641 650 727 733 libri
750 671 837 733 suot
865 678 1040 738 annexae.

262 779 267 787 ’
338 791 389 861 Et
415 794 566 884 propter
603 781 831 878 praescripta
857 780 1027 850 statutum
1058 776 1197 848 tuitio
1232 779 1306 852 ulia
1335 885 1337 889 v

244 917 524 1011 congregatione
549 918 586 978 et
615 909 839 988 conclusum,
877 903 1031 991 quod„in
1064 903 1162 974 libro
1190 903 1305 985 lauru·

242 1044 328 1112 tatis
358 1037 491 1114 lmbori¹
511 1034 666 1104 debeant
692 1038 812 1099 certae
840 1028 977 1099 formae
1006 1038 1080 1097 tam
1114 1030 1306 1103 literarum

242 1163 537 1236 testimonialium
573 1157 618 1224 de
642 1153 815 1246 gradibus
842 1154 1059 1247 magisterii,'
1093 1156 1303 1227 licentiatu-

244 1315 317 1376 rae‚
342 1288 374 1359 lc
396 1283 664 1387 bacealoriatus,
689 1304 794 1375 quam
826 1283 938 1348 etiam
958 1279 1147 1352 literarum
1167 1281 1305 1349 recom'.

243 1415 546 1489 mendatoriarum
564 1371 602 1478 Ι8ο
625 1408 944 1504 promotoriarum,
972 1427 1060 1494 quae
1090 1406 1239 1505 formae,
1263 1419 1301 1478 et

243 1563 316 1610 non
331 1537 435 1620 aliae,
454 1556 522 1626 per
539 1529 757 1606 decanum&
779 1529 869 1598 alios
878 1539 1027 1621 quatuor
1050 1535 1243 1626 magistros
1255 1536 1303 1607 ad

243 1659 477 1755 sigillandum
507 1656 710 1743 hujmmodi
740 1655 864 1726 literas
899 1658 1087 1729 secumdum
1129 1667 1298 1732 statutum

243 1785 508 1882 praescriptum
559 1782 753 1873 deputatos
791 1784 1000 1878 petentibus
1034 1784 1172 1854 debent
1197 1785 1300 1882 aigil.

243 1911 325 1993 lari,
359 1919 396 1979 et
426 1909 515 1978 istae
545 1908 681 1980 formae
707 1903 790 1978 huie
816 1907 913 1978 libro
949 1909 1106 2003 superius
1138 1919 1219 1983 sunt
1247 1910 1302 1982 in.

242 2041 418 2134 scriptae.

734 2153 797 2226 24.

291 2281 352 2364 De
376 2279 600 2362 vacationum
625 2269 744 2351 diebus
769 2277 807 2351 in
832 2271 953 2355 diebus
978 2255 1252 2361 canicularibur.

339 2415 409 2487 Ao.
434 2405 657 2483 oni.1370.
685 2406 747 2483 13.
772 2405 831 2472 die
853 2407 983 2474 mensis
1010 2406 1104 2476 Julii
1120 2416 1297 2492 statutum

242 2537 313 2611 fuit
334 2535 366 2605 ln
391 2534 594 2602 conclusum
617 2535 656 2598 in
687 2531 796 2623 plena
827 2535 1112 2626 congregatione
1147 2525 1299 2606 faculta-

242 2662 340 2743 tatis,
368 2657 461 2747 quod
489 2659 691 2726 vacationes
714 2658 879 2751 incipere
910 2659 1084 2729 deberent
1116 2663 1154 2731 in
1174 2663 1302 2732 crasti-

240 2809 288 2854 no
319 2778 600 2873 Margaritae&
638 2780 771 2848 servari
801 2805 945 2878 semper
980 2786 1018 2854 in
1045 2787 1203 2858 futurum
1231 2791 1301 2859 isto

233 2913 368 2988 modo,
403 2907 497 2998 quod
523 2906 722 2996 quicunque
750 2909 1000 3004 magistrorum
1024 2912 1200 2984 lectiones
1226 2939 1302 2988 suas

242 3033 455 3126 suspendere
481 3027 635 3099 voluerit
651 3027 779 3097 afesto
800 3031 1026 3124 Margaritae
1036 3056 1143 3123 nsque
1159 3035 1197 3102 in
1208 3058 1300 3106 crat·
1321 3028 1326 3038 ¹

240 3154 357 3220 tinum
384 3145 674 3233 Bartholomaei,
709 3154 845 3244 poterit
875 3153 990 3241 bene3
1018 3144 1299 3246 quicunqueve·

240 3300 282 3345 ro
303 3275 428 3368 legere
447 3278 571 3358 vellet,
592 3275 658 3342 ille
681 3284 804 3370 posset
825 3276 949 3373 legere
969 3301 1075 3371 usque
1103 3281 1151 3352 ad
1171 3281 1300 3363 festum

241 3425 270 3469 s.
306 3402 438 3471 Jacobi
465 3402 643 3495 apostoli,
682 3413 718 3469 et
751 3404 849 3492 'quod
880 3405 997 3479 nullus
1041 3407 1299 3500 magistrorum

241 3525 381 3617 aliquid
403 3527 528 3618 legere
563 3526 696 3593 debeat
727 3551 748 3594 a
773 3529 930 3598 crastino
957 3532 1091 3603 Jacobi
1120 3533 1299 3626 usquein

242 3651 436 3720 crastinum
466 3650 563 3718 beati
588 3647 872 3733 Bartholomaei.

729 3765 794 3848 26.
1083 3850 1085 3853 ,

250 3889 359 4001 Quod
380 3894 416 3966 in
442 3887 686 3970 vocationibus
711 3897 793 3973 istis
813 3894 931 3975 nullus
956 3903 1219 4008 magistrorum
1238 3908 1299 3982 πό-

328 4040 395 4095 vas
421 4015 582 4097 lectiones
609 4039 646 4097 et
671 4027 847 4100 exercitia
874 4023 1005 4102 audeat
1030 4016 1195 4130 incipere
1338 4118 1342 4127 ι

336 4145 440 4244 ,Ιῑειη
465 4148 624 4222 omnibus
654 4152 833 4247 magistris
860 4155 906 4225 ad
932 4154 1001 4226 hoe
1030 4157 1239 4228 convocatis
1258 4154 1297 4230 iu
