2714 4740
150 241 218 314 372

154 435 241 509 (lum
271 439 434 504 tenorem
460 432 672 499 statutorum
699 422 859 517 ejudem
891 424 1074 501 facultatis
1104 434 1213 529 ru'per

153 556 227 629 hoc
246 554 515 642 confectorum
540 550 666 638 iuraui,
689 558 727 619 et
749 536 970 646 ¹promittat
995 555 1207 648 mgrirtunc

155 680 408 778 praesentibus
427 670 621 745 secundum
643 680 773 746 statuta
792 673 957 761 ejusdem
975 682 1118 771 recepi.

251 803 347 870 Item
364 800 424 869 (lie
446 796 574 867 eodem
596 795 738 866 luerunt
757 795 869 866 electi
887 806 1037 889 quatuor
1053 805 1152 895 mgri
1166 801 1207 873 de

155 933 304 1015 quatuor
327 900 549 1003 nationibus,
588 919 650 1008 qui
679 939 758 990 cum
777 917 914 989 decano
934 919 1074 993 haberit
1096 926 1203 1020 respi-

104 1058 107 1063 '
154 1067 258 1129 cere,
295 1042 390 1133 quod
427 1050 558 1113 statuta
585 1041 764 1111 facultatis
797 1040 920 1113 debite
948 1041 1200 1131 observentur:

156 1189 253 1259 mag.
278 1168 439 1237 loannes
469 1168 601 1236 Artsen
625 1164 671 1234 de
694 1164 839 1234 natione
859 1165 1090 1258 Bavarorum,
1111 1196 1199 1267 mag.

155 1266 286 1360 Petrus
310 1287 442 1360 Storch
476 1292 521 1359 de
560 1289 703 1358 natione
731 1288 969 1375 Polonorum,
1011 1318 1108 1389 mag.
1137 1298 1199 1368 Hc·

154 1410 282 1503 ningus
310 1411 356 1480 de
384 1407 640 1483 Hildenaheim
662 1409 707 1476 de
732 1408 876 1478 natione
895 1410 1086 1503 Saxonum,
1108 1440 1198 1511 mag.

156 1535 313 1605 Jacobus
337 1534 382 1602 de
411 1535 524 1625 Myra
545 1533 590 1601 ‹le
611 1532 756 1600 natione
776 1532 1003 1608 Boemorum.

250 1658 400 1748 Insuper
421 1675 515 1725 anno
542 1650 670 1722 eodem
702 1656 760 1723 die
793 1656 852 1725 17.
887 1658 1015 1726 mentia
1047 1662 1200 1747 ejusdem

154 1779 264 1849 electi
301 1779 449 1850 fuerunt
477 1778 559 1848 novi
585 1780 797 1848 collectores
833 1783 1054 1871 pecuniarum
1084 1784 1198 1856 facul.

152 1902 238 1970 tatis
264 1905 416 1971 artiumt
443 1923 541 1992 mag.
560 1899 803 1987 Przibislaus,
829 1922 922 1996 mag.
942 1900 1131 1996 Heuingus
1152 1906 1199 1976 de

154 2024 417 2099 Hildensheim.

248 2154 342 2222 Item
368 2149 495 2222 eodem
531 2151 591 2221 die
627 2152 733 2222 electi
757 2151 900 2222 luerunt
920 2174 1109 2225 assessores
1134 2181 1198 2250 pro

153 2276 333 2348 audiendo
355 2282 563 2369 computum
584 2249 783 2350 facultatist
806 2297 906 2369 mag.
927 2275 1199 2350 JoannesArcz.

151 2423 226 2488 sen,
251 2423 346 2495 mag.
368 2398 542 2469 Nicolaus
563 2397 683 2474 Stoer.

248 2527 346 2593 Item
367 2545 435 2616 pro
464 2532 550 2593 tunc
577 2497 716 2593 luerunt
748 2523 911 2619 deputati
943 2535 1094 2617 quatuor
1111 2530 1198 2624 mgrt

154 2648 201 2716 ‹le
224 2654 374 2734 quatuor
396 2644 599 2712 nationibus
611 2645 658 2714 ad
681 2643 837 2714 dandum
858 2648 1044 2718 licentiam
1058 2650 1198 2745 legendi

151 2762 366 2860 iulprivato
397 2773 434 2834 et
467 2766 592 2838 literas
621 2769 901 2861 recognitionum
928 2778 1001 2852 etc.
1022 2797 1116 2868 mag.
1135 2778 1196 2847 Jo.

149 2911 256 2960 annes
283 2892 327 2960 de
359 2895 496 2984 Rzysst
516 2896 563 2965 de
586 2895 731 2963 natione
750 2891 977 2979 Boemorum,
1007 2920 1107 2993 mag.
1136 2896 1193 2971 Joss

148 3036 258 3084 annes
279 3015 439 3086 Holmon
472 3015 517 3084 de
546 3017 690 3089 natione
716 3019 943 3101 Polonorum,
976 3044 1076 3115 mag.
1095 3022 1196 3095 Chri·

150 3153 294 3210 stannus
324 3138 578 3232 Grilenhagen
620 3142 666 3209 ‹le
703 3142 847 3210 natione
875 3143 1074 3232 Saxonum,
1102 3170 1194 3243 mag.

151 3266 326 3338 Albertua
355 3267 608 3361 Varentrappe
630 3266 677 3334 de
699 3267 842 3336 natione
863 3265 1098 3339 Bavarorum.
1171 3318 1196 3329 ·-

245 3385 338 3453 Item
363 3406 468 3470 anno,
488 3412 556 3478 quo
587 3410 705 3481 supra,
729 3409 797 3482 pro
818 3390 979 3458 examine
1010 3390 1196 3464 baccalari·

150 3507 333 3595 aneorum,
358 3509 452 3602 quod
471 3511 555 3583 fieri
583 3516 675 3582 solet
695 3521 777 3580 ante
797 3511 1024 3582 nativitatem
1043 3513 1196 3600 Christi,

151 3633 315 3727 deputati
341 3633 481 3702 fuerunt
506 3644 658 3724 quatuor
680 3635 775 3726 mgri
803 3634 848 3702 de
880 3643 1033 3722 quatuor
1048 3638 1197 3708 nationi·

150 3759 215 3828 bur
242 3732 291 3824 'ad
314 3757 485 3852 decanum
504 3742 685 3826 facultatis
712 3762 867 3828 artium:
893 3776 989 3849 mag.
1014 3756 1197 3836 Christan-

150 3907 214 3955 nus
235 3883 282 3953 de
294 3880 517 3966 Prachaticz,
529 3904 633 3975 mag.
648 3885 776 3951 Petrus
791 3880 933 3964 Storclu,
954 3901 1048 3973 mag.
1064 3874 1197 3951 Herrin·

151 4027 216 4099 gua
241 4001 496 4079 Hildeueheim
522 4027 620 4102 mag.
655 3978 815 4076 Andreas
836 4000 1135 4091 (lbernholcrer,
1163 3984 1197 4071 e't

980 4286 1240 4654 A·
