2700 4732
139 261 246 330 nuuc.
269 259 308 328 V.
566 268 568 278 '
704 299 707 305 f
1006 233 1007 236 Ἴ
1101 256 1152 337 21

98 459 416 528 misiconolusum
450 456 519 526 fuit
548 482 614 551 por
648 464 819 545 majorem
857 469 1019 552 partem,
1051 465 1148 550 quod

98 605 169 650 non
186 581 260 649 sint
284 582 321 650 in
342 588 446 648 antea
467 580 637 648 exercitia
658 589 742 671 post
762 604 920 665 coenam,
948 593 984 653 ot
1003 586 1041 649 in
1068 576 1148 652 exe-¹

100 704 277 772 ontionem
298 703 395 771 illius
425 701 495 769 fuit
529 703 695 792 similitor
726 703 942 784 conclusum,
968 705 1065 793 quod
1084 708 1148 778 20.

101 833 137 890 ot
155 824 218 897 21.
243 822 344 892 horis
366 826 407 893 in
435 832 570 909 aestate
597 845 669 891 non
691 821 784 893 fiant
814 824 986 893 lectiones
1006 826 1043 893 in
1062 828 1147 894 arti·

101 945 162 1013 bus
187 946 234 1014 ad
256 945 378 1028 finem,
410 947 505 1034 quod
529 946 699 1013 exercitia
721 947 925 1036 vespertina
949 948 1045 1052 prius
1065 941 1149 1014 fiori
1237 1021 1239 1025 ⁸

103 1075 268 1134 consueta
301 1065 495 1147 anchora,
527 1089 616 1154 quae
649 1065 721 1134 fuit
749 1064 840 1134 hora
874 1076 956 1158 post
991 1089 1147 1142 coenam,

104 1186 255 1278 amplius
286 1187 378 1255 fiant
416 1189 476 1258 20.
510 1196 547 1254 et
576 1187 651 1258 21.·1
673 1168 883 1258 horis'ante
919 1210 1082 1266 coenam,
1098 1188 1148 1253 ito

103 1309 193 1393 quod
218 1311 281 1382 22.
304 1306 394 1378 hora
424 1311 463 1377 in
484 1317 619 1377 aestate
638 1307 748 1400 igitur
768 1309 816 1377 sit
843 1307 932 1377 horo
951 1333 1095 1380 coenae·

593 1473 655 1546 40.
771 1471 774 1475 ’

116 1737 120 1745 Ι
182 1630 245 1711 Dc
268 1627 382 1716 libris,
409 1634 470 1736 qui
495 1627 614 1710 diebus
632 1577 779 1730 festivis
797 1651 950 1738 possunt
974 1631 1055 1737 logi,

193 1795 290 1864 uem
315 1821 407 1866 anno
432 1799 517 1870 oni.
549 1800 661 1871 1389.
683 1802 747 1876 co.
778 1801 905 1869 menos
938 1781 1035 1884 Moji
1060 1821 1145 1870 con·

102 1917 236 1988 clusum
258 1919 326 1989 fuit
351 1921 388 1990 in
412 1921 522 2012 pleno
548 1921 705 1990 concilio
730 1921 910 1991 facultatis
935 1922 1035 1992 nullo
1062 1946 1145 1991 oon·

97 2039 310 2125 indicente,
340 2043 433 2132 quod
464 2043 516 2110 in·
532 2053 635 2115 antea
670 2046 785 2114 nullus
807 2048 1059 2138 magistrorum
1088 2073 1143 2120 ar·
1187 2076 1189 2080 ·

96 2161 184 2229 tium
214 2184 326 2249 neque
363 2162 643 2231 baccalariorom
681 2165 789 2233 debet
825 2168 1144 2257 legeroaliquom

96 2282 243 2365 librum,
264 2307 376 2373 neque
401 2286 594 2372 quidquam
619 2288 812 2369 declarare,
831 2299 1079 2379 praeterquam
1099 2289 1144 2355 li·

96 2405 183 2473 bros
208 2406 398 2498 deputatos
420 2410 466 2478 ad
492 2409 683 2501 legendum
710 2412 831 2480 diebus
849 2414 997 2498 festivis
1020 2424 1056 2482 et
1071 2417 1144 2484 fue-

94 2537 177 2595 runt
201 2527 238 2594 in
268 2530 380 2619 pleno
415 2533 569 2600 concilio
599 2523 777 2603 facultatis
811 2535 856 2601 hi·
886 2536 981 2605 infra
1000 2539 1144 2630 scripti

93 2647 185 2718 libri
201 2649 364 2740 deputati
384 2652 429 2719 ad
448 2652 640 2744 legendum
660 2655 782 2728 diebus
795 2657 956 2730 festivis:
983 2657 1027 2724 In
1050 2658 1143 2748 logi-

93 2797 148 2856 ca,
174 2775 268 2843 liber
289 2794 353 2848 stoc
372 2777 638 2874 principiorum,
670 2782 764 2849 liber
792 2776 983 2852 dictionum
1013 2773 1141 2862 Boetii,

94 2894 267 2965 similitor
288 2898 405 2996 topica
431 2894 557 2982 Bootii,
588 2912 625 2968 et
650 2902 761 2970 nullus
785 2902 935 2970 aliorum
965 2902 1141 2971 librorum

92 3041 163 3089 nec
184 3022 221 3088 in
244 3022 393 3124 magnis,
422 3047 534 3112 noque
562 3023 598 3091 in
624 3022 755 3122 pacuis
784 3015 1000 3124 logicalibas,
1029 3045 1142 3113 neque

92 3133 331 3241 sophismata,
368 3170 434 3214 noc
467 3147 684 3248 quaestiones
715 3141 878 3249 logicnlts
916 3146 1049 3214 debent
1079 3147 1141 3215 ‹le-

95 3264 229 3336 cturari
254 3268 378 3337 diebus
399 3271 614 3340 celebribus.
670 3271 712 3338 In
732 3270 968 3362 philosophia
987 3269 1142 3336 naturali

91 3387 137 3456 hi
170 3390 255 3459 libri
276 3415 344 3460 non
370 3405 450 3461 sunt
471 3394 619 3486 legendi
643 3394 769 3462 diebus
793 3394 941 3479 festivis,
968 3392 1140 3459 videlicet

95 3514 195 3583 liber
216 3509 448 3614 physicorum,
469 3514 510 3591 dc
529 3520 619 3590 coelo
642 3534 678 3592 ct
699 3513 838 3598 rotundo,
853 3513 894 3590 dc
910 3515 1142 3619 generatione

94 3654 135 3714 ct
156 3643 392 3739 corruptione,
428 3659 673 3730 meteororum,
698 3642 739 3720 dc
765 3645 892 3724 anima,
920 3640 960 3718 dc
982 3663 1085 3717 sensu
1104 3651 1142 3710 et

95 3783 263 3848 sensato,
297 3765 338 3841 de
361 3791 477 3843 sonmo
498 3785 535 3846 et
559 3769 704 3875 vigilio,
731 3795 867 3848 surronoo
893 3763 1136 3856 notnrolium3

96 3900 163 3960 sod
186 3917 308 3963 omnes
333 3895 410 3975 alii,
434 3895 620 3966 dummodo
639 3921 708 3965 non
730 3893 969 3988 spectaverint
994 3890 1040 3962 acl
1057 3913 1138 3980 gra·

97 4016 195 4095 dum,
225 4024 371 4108 possunt
399 4016 485 4108 legi,
506 4021 581 4088 sive
615 4021 687 4089 sint
707 4017 920 4099 Aristotelis,
950 4015 1025 4083 sivo
1049 4013 1138 4079 alto-
