<?xml version="1.0" encoding="UTF-8"?>
<!DOCTYPE html PUBLIC "-//W3C//DTD XHTML 1.0 Transitional//EN"
    "http://www.w3.org/TR/xhtml1/DTD/xhtml1-transitional.dtd">
<html xmlns="http://www.w3.org/1999/xhtml" xml:lang="en" lang="en">
 <head>
  <title>
</title>
<meta http-equiv="Content-Type" content="text/html;charset=utf-8" />
  <meta name='ocr-system' content='tesseract 3.04.00' />
  <meta name='ocr-capabilities' content='ocr_page ocr_carea ocr_par ocr_line ocrx_word'/>
</head>
<body>
  <div class='ocr_page' id='page_1' title='image "./liberdecanorumf00unkngoog_0175.png"; bbox 0 0 2714 4740; ppageno 0'>
   <div class='ocr_carea' id='block_1_1' title="bbox 143 240 1353 383">
    <p class='ocr_par' dir='ltr' id='par_1_1' title="bbox 143 240 1353 383">
     <span class='ocr_line' id='line_1_1' title="bbox 143 240 1353 383; baseline -0.009 -21"><span class='ocrx_word' id='word_1_1' title='bbox 143 363 145 373; x_wconf 79' lang='grc'>,</span> <span class='ocrx_word' id='word_1_2' title='bbox 199 376 201 383; x_wconf 21' lang='lat'><strong>¹</strong></span> <span class='ocrx_word' id='word_1_3' title='bbox 259 295 322 362; x_wconf 76' lang='lat'><strong>1¹2</strong></span> <span class='ocrx_word' id='word_1_4' title='bbox 1095 262 1270 383; x_wconf 56' lang='lat' dir='ltr'><strong>stulu-&#39;15</strong></span> <span class='ocrx_word' id='word_1_5' title='bbox 1349 240 1353 351; x_wconf 62' lang='grc' dir='ltr'><strong>Ιζ</strong></span> 
     </span>
    </p>
   </div>
   <div class='ocr_carea' id='block_1_2' title="bbox 242 448 1353 561">
    <p class='ocr_par' dir='ltr' id='par_1_2' title="bbox 242 448 1353 561">
     <span class='ocr_line' id='line_1_2' title="bbox 242 448 1353 561; baseline -0.03 -1"><span class='ocrx_word' id='word_1_6' title='bbox 242 466 357 559; x_wconf 79' lang='lat' dir='ltr'><strong>¹(lium</strong></span> <span class='ocrx_word' id='word_1_7' title='bbox 378 505 507 554; x_wconf 88' lang='lat' dir='ltr'><strong>annum</strong></span> <span class='ocrx_word' id='word_1_8' title='bbox 523 476 586 547; x_wconf 90' lang='lat' dir='ltr'><strong>hic</strong></span> <span class='ocrx_word' id='word_1_9' title='bbox 608 477 648 546; x_wconf 89' lang='lat' dir='ltr'><strong>iu</strong></span> <span class='ocrx_word' id='word_1_10' title='bbox 668 472 911 552; x_wconf 71' lang='lat' dir='ltr'><strong>universitate,</strong></span> <span class='ocrx_word' id='word_1_11' title='bbox 937 469 985 539; x_wconf 90' lang='lat' dir='ltr'><strong>ad</strong></span> <span class='ocrx_word' id='word_1_12' title='bbox 1008 467 1168 561; x_wconf 80' lang='lat' dir='ltr'><strong>gradum</strong></span> <span class='ocrx_word' id='word_1_13' title='bbox 1192 469 1313 533; x_wconf 87' lang='lat' dir='ltr'><strong>autem</strong></span> <span class='ocrx_word' id='word_1_14' title='bbox 1349 448 1353 457; x_wconf 71' lang='grc'><strong>’</strong></span> 
     </span>
    </p>
   </div>
   <div class='ocr_carea' id='block_1_3' title="bbox 260 598 1114 938">
    <p class='ocr_par' dir='ltr' id='par_1_3' title="bbox 260 598 1114 938">
     <span class='ocr_line' id='line_1_3' title="bbox 260 598 1114 699; baseline -0.021 -22"><span class='ocrx_word' id='word_1_15' title='bbox 260 603 457 699; x_wconf 71' lang='lat' dir='ltr'><strong>magisterii</strong></span> <span class='ocrx_word' id='word_1_16' title='bbox 476 598 622 671; x_wconf 74' lang='lat' dir='ltr'><strong>numme</strong></span> <span class='ocrx_word' id='word_1_17' title='bbox 640 614 837 689; x_wconf 88' lang='lat' dir='ltr'><strong>perunum</strong></span> <span class='ocrx_word' id='word_1_18' title='bbox 863 612 1008 667; x_wconf 82' lang='lat' dir='ltr'><strong>annum,</strong></span> <span class='ocrx_word' id='word_1_19' title='bbox 1111 654 1114 659; x_wconf 88' lang='lat'>.</span> 
     </span>
     <span class='ocr_line' id='line_1_4' title="bbox 751 702 988 813; baseline 0.017 -9"><span class='ocrx_word' id='word_1_20' title='bbox 751 702 852 813; x_wconf 53' lang='lat'><strong>193⁸</strong></span> <span class='ocrx_word' id='word_1_21' title='bbox 942 750 988 807; x_wconf 89' lang='grc'><strong>.·</strong></span> 
     </span>
     <span class='ocr_line' id='line_1_5' title="bbox 533 849 1038 938; baseline -0.034 0"><span class='ocrx_word' id='word_1_22' title='bbox 533 861 595 938; x_wconf 85' lang='lat' dir='ltr'><strong>De</strong></span> <span class='ocrx_word' id='word_1_23' title='bbox 617 852 729 934; x_wconf 84' lang='lat' dir='ltr'><strong>modis</strong></span> <span class='ocrx_word' id='word_1_24' title='bbox 753 849 1038 931; x_wconf 78' lang='lat' dir='ltr'><em>declarationum.</em></span> 
     </span>
    </p>
   </div>
   <div class='ocr_carea' id='block_1_4' title="bbox 358 999 1354 1085">
    <p class='ocr_par' dir='ltr' id='par_1_4' title="bbox 358 999 1354 1085">
     <span class='ocr_line' id='line_1_6' title="bbox 358 999 1354 1085; baseline -0.023 0"><span class='ocrx_word' id='word_1_25' title='bbox 358 1017 465 1085; x_wconf 84' lang='lat' dir='ltr'><strong>Anno</strong></span> <span class='ocrx_word' id='word_1_26' title='bbox 497 1005 644 1078; x_wconf 87' lang='lat' dir='ltr'><strong>Domini</strong></span> <span class='ocrx_word' id='word_1_27' title='bbox 668 1003 782 1074; x_wconf 71' lang='lat'>1400.</span> <span class='ocrx_word' id='word_1_28' title='bbox 809 1001 948 1069; x_wconf 89' lang='lat' dir='ltr'><strong>decima</strong></span> <span class='ocrx_word' id='word_1_29' title='bbox 976 1022 1071 1069; x_wconf 91' lang='lat' dir='ltr'><strong>nona</strong></span> <span class='ocrx_word' id='word_1_30' title='bbox 1095 999 1156 1069; x_wconf 87' lang='lat' dir='ltr'><strong>die</strong></span> <span class='ocrx_word' id='word_1_31' title='bbox 1183 1001 1313 1071; x_wconf 78' lang='lat' dir='ltr'><strong>mensis</strong></span> <span class='ocrx_word' id='word_1_32' title='bbox 1343 1024 1354 1033; x_wconf 94' lang='lat'>·</span> 
     </span>
    </p>
   </div>
   <div class='ocr_carea' id='block_1_5' title="bbox 250 1107 1313 1830">
    <p class='ocr_par' dir='ltr' id='par_1_5' title="bbox 250 1107 1313 1830">
     <span class='ocr_line' id='line_1_7' title="bbox 250 1107 1312 1216; baseline -0.016 -8"><span class='ocrx_word' id='word_1_33' title='bbox 250 1110 364 1207; x_wconf 77' lang='lat' dir='ltr'><strong>¹Junii</strong></span> <span class='ocrx_word' id='word_1_34' title='bbox 385 1134 423 1201; x_wconf 89' lang='lat' dir='ltr'><strong>in</strong></span> <span class='ocrx_word' id='word_1_35' title='bbox 443 1129 618 1200; x_wconf 87' lang='lat' dir='ltr'><strong>decanatu</strong></span> <span class='ocrx_word' id='word_1_36' title='bbox 636 1146 733 1216; x_wconf 83' lang='lat' dir='ltr'><strong>mag.</strong></span> <span class='ocrx_word' id='word_1_37' title='bbox 754 1120 965 1210; x_wconf 87' lang='lat' dir='ltr'><strong>Marquardi</strong></span> <span class='ocrx_word' id='word_1_38' title='bbox 980 1107 1196 1214; x_wconf 78' lang='lat' dir='ltr'><strong>Kryneman</strong></span> <span class='ocrx_word' id='word_1_39' title='bbox 1215 1120 1312 1191; x_wconf 75' lang='lat' dir='ltr'><strong>tb&#39;cts</strong></span> 
     </span>
     <span class='ocr_line' id='line_1_8' title="bbox 262 1240 1313 1352; baseline -0.013 -26"><span class='ocrx_word' id='word_1_40' title='bbox 262 1259 372 1352; x_wconf 87' lang='lat' dir='ltr'><strong>plena</strong></span> <span class='ocrx_word' id='word_1_41' title='bbox 405 1249 682 1341; x_wconf 76' lang='lat' dir='ltr'><strong>congregatione</strong></span> <span class='ocrx_word' id='word_1_42' title='bbox 716 1245 965 1337; x_wconf 85' lang='lat' dir='ltr'><strong>magistrorum</strong></span> <span class='ocrx_word' id='word_1_43' title='bbox 992 1244 1037 1311; x_wconf 87' lang='lat' dir='ltr'><strong>de</strong></span> <span class='ocrx_word' id='word_1_44' title='bbox 1071 1244 1226 1316; x_wconf 80' lang='lat' dir='ltr'><strong>consilio</strong></span> <span class='ocrx_word' id='word_1_45' title='bbox 1261 1240 1313 1312; x_wconf 81' lang='lat' dir='ltr'><strong>ls-</strong></span> 
     </span>
     <span class='ocr_line' id='line_1_9' title="bbox 260 1365 1310 1465; baseline -0.013 -16"><span class='ocrx_word' id='word_1_46' title='bbox 260 1378 404 1449; x_wconf 88' lang='lat' dir='ltr'><strong>cultatis</strong></span> <span class='ocrx_word' id='word_1_47' title='bbox 428 1373 590 1465; x_wconf 79' lang='lat' dir='ltr'><strong>magistri</strong></span> <span class='ocrx_word' id='word_1_48' title='bbox 622 1369 898 1452; x_wconf 86' lang='lat' dir='ltr'><strong>considerantes,</strong></span> <span class='ocrx_word' id='word_1_49' title='bbox 926 1365 1021 1455; x_wconf 88' lang='lat' dir='ltr'><strong>quod</strong></span> <span class='ocrx_word' id='word_1_50' title='bbox 1048 1367 1186 1436; x_wconf 88' lang='lat' dir='ltr'><strong>multae</strong></span> <span class='ocrx_word' id='word_1_51' title='bbox 1216 1388 1310 1437; x_wconf 89' lang='lat' dir='ltr'><strong>com·</strong></span> 
     </span>
     <span class='ocr_line' id='line_1_10' title="bbox 258 1488 1309 1572; baseline -0.011 -1"><span class='ocrx_word' id='word_1_52' title='bbox 258 1500 484 1571; x_wconf 77' lang='lat' dir='ltr'><strong>mitterentur</strong></span> <span class='ocrx_word' id='word_1_53' title='bbox 501 1493 642 1567; x_wconf 79' lang='lat' dir='ltr'><strong>fraudes</strong></span> <span class='ocrx_word' id='word_1_54' title='bbox 665 1492 760 1561; x_wconf 88' lang='lat' dir='ltr'><strong>circa</strong></span> <span class='ocrx_word' id='word_1_55' title='bbox 782 1488 926 1562; x_wconf 90' lang='lat' dir='ltr'><strong>modum</strong></span> <span class='ocrx_word' id='word_1_56' title='bbox 952 1491 1219 1572; x_wconf 81' lang='lat' dir='ltr'><strong>exercitiorum,</strong></span> <span class='ocrx_word' id='word_1_57' title='bbox 1238 1488 1309 1559; x_wconf 86' lang='lat' dir='ltr'><strong>lee-</strong></span> 
     </span>
     <span class='ocr_line' id='line_1_11' title="bbox 259 1610 1310 1704; baseline -0.01 -12"><span class='ocrx_word' id='word_1_58' title='bbox 259 1626 408 1704; x_wconf 88' lang='lat' dir='ltr'><strong>tionmn‚</strong></span> <span class='ocrx_word' id='word_1_59' title='bbox 425 1628 486 1689; x_wconf 88' lang='lat' dir='ltr'><strong>aut</strong></span> <span class='ocrx_word' id='word_1_60' title='bbox 510 1618 618 1685; x_wconf 87' lang='lat' dir='ltr'><strong>etiam</strong></span> <span class='ocrx_word' id='word_1_61' title='bbox 644 1613 952 1699; x_wconf 68' lang='lat' dir='ltr'><strong>declarationum</strong></span> <span class='ocrx_word' id='word_1_62' title='bbox 973 1636 1056 1684; x_wconf 89' lang='lat' dir='ltr'><strong>nam</strong></span> <span class='ocrx_word' id='word_1_63' title='bbox 1080 1613 1229 1702; x_wconf 85' lang='lat' dir='ltr'><strong>quidam</strong></span> <span class='ocrx_word' id='word_1_64' title='bbox 1248 1610 1310 1681; x_wconf 80' lang='lat' dir='ltr'><strong>lsa-</strong></span> 
     </span>
     <span class='ocr_line' id='line_1_12' title="bbox 258 1735 1309 1830; baseline -0.008 -17"><span class='ocrx_word' id='word_1_65' title='bbox 258 1744 412 1813; x_wconf 87' lang='lat' dir='ltr'><strong>buerunt</strong></span> <span class='ocrx_word' id='word_1_66' title='bbox 441 1739 613 1808; x_wconf 82' lang='lat' dir='ltr'><strong>exercitia</strong></span> <span class='ocrx_word' id='word_1_67' title='bbox 638 1739 696 1805; x_wconf 82' lang='lat' dir='ltr'><strong>uel</strong></span> <span class='ocrx_word' id='word_1_68' title='bbox 722 1736 896 1805; x_wconf 89' lang='lat' dir='ltr'><strong>lectiones</strong></span> <span class='ocrx_word' id='word_1_69' title='bbox 927 1736 967 1804; x_wconf 87' lang='lat' dir='ltr'><strong>in</strong></span> <span class='ocrx_word' id='word_1_70' title='bbox 1000 1735 1144 1829; x_wconf 83' lang='lat' dir='ltr'><strong>privato</strong></span> <span class='ocrx_word' id='word_1_71' title='bbox 1166 1742 1309 1830; x_wconf 76' lang='lat' dir='ltr'><strong>praeter</strong></span> 
     </span>
    </p>
   </div>
   <div class='ocr_carea' id='block_1_6' title="bbox 246 1841 1354 2201">
    <p class='ocr_par' dir='ltr' id='par_1_6' title="bbox 246 1841 1354 2201">
     <span class='ocr_line' id='line_1_13' title="bbox 246 1841 1354 1949; baseline -0.012 -15"><span class='ocrx_word' id='word_1_72' title='bbox 246 1841 365 1933; x_wconf 85' lang='lat' dir='ltr'><strong>¹horas</strong></span> <span class='ocrx_word' id='word_1_73' title='bbox 386 1871 423 1930; x_wconf 88' lang='lat' dir='ltr'><strong>et</strong></span> <span class='ocrx_word' id='word_1_74' title='bbox 435 1861 602 1931; x_wconf 89' lang='lat' dir='ltr'><strong>materias</strong></span> <span class='ocrx_word' id='word_1_75' title='bbox 617 1860 870 1927; x_wconf 88' lang='lat' dir='ltr'><strong>determinatas</strong></span> <span class='ocrx_word' id='word_1_76' title='bbox 882 1880 951 1949; x_wconf 89' lang='lat' dir='ltr'><strong>pro</strong></span> <span class='ocrx_word' id='word_1_77' title='bbox 978 1858 1157 1929; x_wconf 82' lang='lat' dir='ltr'><strong>exercitiis</strong></span> <span class='ocrx_word' id='word_1_78' title='bbox 1181 1868 1220 1931; x_wconf 89' lang='lat' dir='ltr'><strong>et</strong></span> <span class='ocrx_word' id='word_1_79' title='bbox 1238 1860 1307 1931; x_wconf 85' lang='lat' dir='ltr'><strong>leo·</strong></span> <span class='ocrx_word' id='word_1_80' title='bbox 1348 1906 1354 1921; x_wconf 89' lang='lat'><em>.</em></span> 
     </span>
     <span class='ocr_line' id='line_1_14' title="bbox 260 1979 1307 2061; baseline -0.003 -8"><span class='ocrx_word' id='word_1_81' title='bbox 260 1985 415 2054; x_wconf 89' lang='lat' dir='ltr'><strong>tionibus</strong></span> <span class='ocrx_word' id='word_1_82' title='bbox 439 1981 629 2051; x_wconf 88' lang='lat' dir='ltr'><strong>secundum</strong></span> <span class='ocrx_word' id='word_1_83' title='bbox 653 1988 797 2061; x_wconf 86' lang='lat' dir='ltr'><strong>statuta,</strong></span> <span class='ocrx_word' id='word_1_84' title='bbox 816 2003 857 2048; x_wconf 88' lang='lat' dir='ltr'><strong>ea</strong></span> <span class='ocrx_word' id='word_1_85' title='bbox 876 1979 935 2047; x_wconf 86' lang='lat' dir='ltr'><strong>vel</strong></span> <span class='ocrx_word' id='word_1_86' title='bbox 948 2003 1019 2048; x_wconf 84' lang='lat' dir='ltr'><strong>eas</strong></span> <span class='ocrx_word' id='word_1_87' title='bbox 1047 1980 1307 2054; x_wconf 77' lang='lat' dir='ltr'><strong>declarationes</strong></span> 
     </span>
     <span class='ocr_line' id='line_1_15' title="bbox 261 2086 1354 2201; baseline -0.005 -24"><span class='ocrx_word' id='word_1_88' title='bbox 261 2105 508 2201; x_wconf 85' lang='lat' dir='ltr'><strong>nuncupando,</strong></span> <span class='ocrx_word' id='word_1_89' title='bbox 525 2123 571 2172; x_wconf 83' lang='lat' dir='ltr'><strong>ex</strong></span> <span class='ocrx_word' id='word_1_90' title='bbox 596 2127 664 2192; x_wconf 91' lang='lat' dir='ltr'><strong>quo</strong></span> <span class='ocrx_word' id='word_1_91' title='bbox 686 2103 899 2172; x_wconf 87' lang='lat' dir='ltr'><strong>videbantur</strong></span> <span class='ocrx_word' id='word_1_92' title='bbox 922 2101 1104 2172; x_wconf 85' lang='lat' dir='ltr'><strong>scholares</strong></span> <span class='ocrx_word' id='word_1_93' title='bbox 1122 2106 1239 2175; x_wconf 84' lang='lat' dir='ltr'><strong>minus</strong></span> <span class='ocrx_word' id='word_1_94' title='bbox 1257 2104 1309 2175; x_wconf 86' lang='lat' dir='ltr'><strong>di·</strong></span> <span class='ocrx_word' id='word_1_95' title='bbox 1349 2086 1354 2103; x_wconf 60' lang='lat'><strong><em>⁵</em></strong></span> 
     </span>
    </p>
   </div>
   <div class='ocr_carea' id='block_1_7' title="bbox 262 2223 1309 2441">
    <p class='ocr_par' dir='ltr' id='par_1_7' title="bbox 262 2223 1309 2441">
     <span class='ocr_line' id='line_1_16' title="bbox 262 2223 1307 2331; baseline -0.003 -33"><span class='ocrx_word' id='word_1_96' title='bbox 262 2251 362 2331; x_wconf 80' lang='lat' dir='ltr'><strong>scere</strong></span> <span class='ocrx_word' id='word_1_97' title='bbox 383 2237 536 2320; x_wconf 89' lang='lat' dir='ltr'><strong>propter</strong></span> <span class='ocrx_word' id='word_1_98' title='bbox 556 2225 707 2293; x_wconf 88' lang='lat' dir='ltr'><strong>nimium</strong></span> <span class='ocrx_word' id='word_1_99' title='bbox 737 2224 900 2295; x_wconf 88' lang='lat' dir='ltr'><strong>laborem</strong></span> <span class='ocrx_word' id='word_1_100' title='bbox 923 2223 1177 2314; x_wconf 76' lang='lat' dir='ltr'><strong>magistrorum</strong></span> <span class='ocrx_word' id='word_1_101' title='bbox 1199 2223 1307 2295; x_wconf 73' lang='lat' dir='ltr'><strong>minu</strong></span> 
     </span>
     <span class='ocr_line' id='line_1_17' title="bbox 264 2345 1309 2441; baseline -0.004 -20"><span class='ocrx_word' id='word_1_102' title='bbox 264 2351 386 2421; x_wconf 90' lang='lat' dir='ltr'><strong>debite</strong></span> <span class='ocrx_word' id='word_1_103' title='bbox 405 2347 652 2441; x_wconf 87' lang='lat' dir='ltr'><strong>pluralitatem</strong></span> <span class='ocrx_word' id='word_1_104' title='bbox 677 2350 903 2417; x_wconf 83' lang='lat' dir='ltr'><strong>materiarum</strong></span> <span class='ocrx_word' id='word_1_105' title='bbox 924 2345 1234 2439; x_wconf 80' lang='lat' dir='ltr'><strong>disputandamm,</strong></span> <span class='ocrx_word' id='word_1_106' title='bbox 1259 2345 1309 2417; x_wconf 82' lang='lat' dir='ltr'><strong>le·</strong></span> 
     </span>
    </p>
   </div>
   <div class='ocr_carea' id='block_1_8' title="bbox 261 2466 1355 2563">
    <p class='ocr_par' dir='ltr' id='par_1_8' title="bbox 261 2466 1355 2563">
     <span class='ocr_line' id='line_1_18' title="bbox 261 2466 1355 2563; baseline -0.016 -23"><span class='ocrx_word' id='word_1_107' title='bbox 261 2469 471 2563; x_wconf 84' lang='lat' dir='ltr'><strong>gendarum,</strong></span> <span class='ocrx_word' id='word_1_108' title='bbox 496 2469 556 2536; x_wconf 87' lang='lat' dir='ltr'><strong>vel</strong></span> <span class='ocrx_word' id='word_1_109' title='bbox 591 2466 887 2537; x_wconf 83' lang='lat' dir='ltr'><strong>declarandarum</strong></span> <span class='ocrx_word' id='word_1_110' title='bbox 922 2466 1247 2559; x_wconf 64' lang='lat' dir='ltr'><strong>conspicientium</strong></span> <span class='ocrx_word' id='word_1_111' title='bbox 1273 2474 1307 2537; x_wconf 72' lang='lat' dir='ltr'><strong>et</strong></span> <span class='ocrx_word' id='word_1_112' title='bbox 1352 2492 1355 2523; x_wconf 69' lang='grc' dir='ltr'><strong>ι</strong></span> 
     </span>
    </p>
   </div>
   <div class='ocr_carea' id='block_1_9' title="bbox 262 2589 1315 4020">
    <p class='ocr_par' dir='ltr' id='par_1_9' title="bbox 262 2589 1315 4020">
     <span class='ocr_line' id='line_1_19' title="bbox 266 2589 1309 2682; baseline 0.001 -23"><span class='ocrx_word' id='word_1_113' title='bbox 266 2604 303 2659; x_wconf 88' lang='lat' dir='ltr'><strong>et</strong></span> <span class='ocrx_word' id='word_1_114' title='bbox 318 2614 374 2658; x_wconf 89' lang='lat' dir='ltr'><strong>am</strong></span> <span class='ocrx_word' id='word_1_115' title='bbox 392 2589 574 2662; x_wconf 87' lang='lat' dir='ltr'><strong>scholares</strong></span> <span class='ocrx_word' id='word_1_116' title='bbox 600 2613 778 2682; x_wconf 87' lang='lat' dir='ltr'><strong>pauperes</strong></span> <span class='ocrx_word' id='word_1_117' title='bbox 799 2614 820 2659; x_wconf 93' lang='lat' dir='ltr'><strong>a</strong></span> <span class='ocrx_word' id='word_1_118' title='bbox 847 2591 978 2661; x_wconf 88' lang='lat' dir='ltr'><strong>talibus</strong></span> <span class='ocrx_word' id='word_1_119' title='bbox 1005 2589 1309 2661; x_wconf 83' lang='lat' dir='ltr'><strong>declarationibus</strong></span> 
     </span>
     <span class='ocr_line' id='line_1_20' title="bbox 262 2709 1310 2802; baseline 0.003 -24"><span class='ocrx_word' id='word_1_120' title='bbox 262 2710 550 2792; x_wconf 74' lang='lat' dir='ltr'><strong>recludebantur,</strong></span> <span class='ocrx_word' id='word_1_121' title='bbox 571 2720 609 2777; x_wconf 90' lang='lat' dir='ltr'><strong>et</strong></span> <span class='ocrx_word' id='word_1_122' title='bbox 624 2733 690 2801; x_wconf 90' lang='lat' dir='ltr'><strong>per</strong></span> <span class='ocrx_word' id='word_1_123' title='bbox 704 2733 919 2801; x_wconf 88' lang='lat' dir='ltr'><strong>consequens</strong></span> <span class='ocrx_word' id='word_1_124' title='bbox 938 2711 1203 2802; x_wconf 80' lang='lat' dir='ltr'><strong>gravabantur:</strong></span> <span class='ocrx_word' id='word_1_125' title='bbox 1222 2709 1310 2781; x_wconf 83' lang='lat' dir='ltr'><strong>haee</strong></span> 
     </span>
     <span class='ocr_line' id='line_1_21' title="bbox 263 2832 1311 2926; baseline 0.006 -27"><span class='ocrx_word' id='word_1_126' title='bbox 263 2841 300 2899; x_wconf 87' lang='lat' dir='ltr'><strong>et</strong></span> <span class='ocrx_word' id='word_1_127' title='bbox 317 2832 390 2899; x_wconf 87' lang='lat' dir='ltr'><strong>alia</strong></span> <span class='ocrx_word' id='word_1_128' title='bbox 415 2832 580 2925; x_wconf 86' lang='lat' dir='ltr'><strong>magistri</strong></span> <span class='ocrx_word' id='word_1_129' title='bbox 596 2834 822 2902; x_wconf 80' lang='lat' dir='ltr'><strong>advertentes</strong></span> <span class='ocrx_word' id='word_1_130' title='bbox 845 2834 945 2903; x_wconf 88' lang='lat' dir='ltr'><strong>nullo</strong></span> <span class='ocrx_word' id='word_1_131' title='bbox 966 2835 1109 2926; x_wconf 86' lang='lat' dir='ltr'><strong>penitus</strong></span> <span class='ocrx_word' id='word_1_132' title='bbox 1129 2835 1311 2905; x_wconf 87' lang='lat' dir='ltr'><strong>contradi·</strong></span> 
     </span>
     <span class='ocr_line' id='line_1_22' title="bbox 263 2955 1313 3050; baseline 0.005 -29"><span class='ocrx_word' id='word_1_133' title='bbox 263 2963 368 3022; x_wconf 90' lang='lat' dir='ltr'><strong>cente</strong></span> <span class='ocrx_word' id='word_1_134' title='bbox 393 2958 640 3027; x_wconf 87' lang='lat' dir='ltr'><strong>concluserunt</strong></span> <span class='ocrx_word' id='word_1_135' title='bbox 671 2967 708 3024; x_wconf 91' lang='lat' dir='ltr'><strong>et</strong></span> <span class='ocrx_word' id='word_1_136' title='bbox 739 2956 951 3025; x_wconf 89' lang='lat' dir='ltr'><strong>unanimiter</strong></span> <span class='ocrx_word' id='word_1_137' title='bbox 977 2963 1187 3042; x_wconf 86' lang='lat' dir='ltr'><strong>statuermrt,</strong></span> <span class='ocrx_word' id='word_1_138' title='bbox 1221 2955 1313 3050; x_wconf 89' lang='lat' dir='ltr'><strong>quod</strong></span> 
     </span>
     <span class='ocr_line' id='line_1_23' title="bbox 263 3080 1312 3171; baseline 0.006 -24"><span class='ocrx_word' id='word_1_139' title='bbox 263 3080 462 3168; x_wconf 89' lang='lat' dir='ltr'><strong>quicunque</strong></span> <span class='ocrx_word' id='word_1_140' title='bbox 480 3082 730 3171; x_wconf 84' lang='lat' dir='ltr'><strong>magistrorum</strong></span> <span class='ocrx_word' id='word_1_141' title='bbox 759 3104 819 3148; x_wconf 87' lang='lat' dir='ltr'><strong>seu</strong></span> <span class='ocrx_word' id='word_1_142' title='bbox 843 3081 1128 3149; x_wconf 86' lang='lat' dir='ltr'><strong>baccalariorum</strong></span> <span class='ocrx_word' id='word_1_143' title='bbox 1147 3080 1312 3152; x_wconf 85' lang='lat' dir='ltr'><strong>declara·</strong></span> 
     </span>
     <span class='ocr_line' id='line_1_24' title="bbox 262 3195 1313 3293; baseline 0.004 -26"><span class='ocrx_word' id='word_1_144' title='bbox 262 3202 398 3268; x_wconf 90' lang='lat' dir='ltr'><strong>tionem</strong></span> <span class='ocrx_word' id='word_1_145' title='bbox 417 3195 552 3267; x_wconf 83' lang='lat' dir='ltr'><strong>habete</strong></span> <span class='ocrx_word' id='word_1_146' title='bbox 575 3199 739 3284; x_wconf 80' lang='lat' dir='ltr'><strong>voluerit,</strong></span> <span class='ocrx_word' id='word_1_147' title='bbox 764 3199 898 3269; x_wconf 90' lang='lat' dir='ltr'><strong>habeat</strong></span> <span class='ocrx_word' id='word_1_148' title='bbox 923 3223 1011 3283; x_wconf 86' lang='lat' dir='ltr'><strong>eam,</strong></span> <span class='ocrx_word' id='word_1_149' title='bbox 1037 3201 1074 3269; x_wconf 91' lang='lat' dir='ltr'><strong>in</strong></span> <span class='ocrx_word' id='word_1_150' title='bbox 1099 3221 1313 3293; x_wconf 86' lang='lat' dir='ltr'><strong>quacunque</strong></span> 
     </span>
     <span class='ocr_line' id='line_1_25' title="bbox 263 3318 1312 3421; baseline 0.005 -33"><span class='ocrx_word' id='word_1_151' title='bbox 263 3320 415 3390; x_wconf 90' lang='lat' dir='ltr'><strong>materia</strong></span> <span class='ocrx_word' id='word_1_152' title='bbox 437 3320 507 3388; x_wconf 88' lang='lat' dir='ltr'><strong>sibi</strong></span> <span class='ocrx_word' id='word_1_153' title='bbox 525 3319 716 3412; x_wconf 90' lang='lat' dir='ltr'><strong>placuerit,</strong></span> <span class='ocrx_word' id='word_1_154' title='bbox 740 3324 1004 3411; x_wconf 90' lang='lat' dir='ltr'><strong>quibuscunque</strong></span> <span class='ocrx_word' id='word_1_155' title='bbox 1028 3318 1137 3404; x_wconf 86' lang='lat' dir='ltr'><strong>horis,</strong></span> <span class='ocrx_word' id='word_1_156' title='bbox 1157 3344 1312 3421; x_wconf 78' lang='lat' dir='ltr'><strong>quocum·</strong></span> 
     </span>
     <span class='ocr_line' id='line_1_26' title="bbox 264 3442 1313 3537; baseline 0.007 -27"><span class='ocrx_word' id='word_1_157' title='bbox 264 3463 333 3530; x_wconf 92' lang='lat' dir='ltr'><strong>que</strong></span> <span class='ocrx_word' id='word_1_158' title='bbox 362 3449 536 3532; x_wconf 86' lang='lat' dir='ltr'><strong>tempore,</strong></span> <span class='ocrx_word' id='word_1_159' title='bbox 566 3453 601 3509; x_wconf 89' lang='lat' dir='ltr'><strong>et</strong></span> <span class='ocrx_word' id='word_1_160' title='bbox 631 3445 931 3533; x_wconf 84' lang='lat' dir='ltr'><strong>quotienscunque</strong></span> <span class='ocrx_word' id='word_1_161' title='bbox 964 3442 1128 3525; x_wconf 85' lang='lat' dir='ltr'><strong>voluerit,</strong></span> <span class='ocrx_word' id='word_1_162' title='bbox 1164 3455 1313 3537; x_wconf 84' lang='lat' dir='ltr'><strong>praeter</strong></span> 
     </span>
     <span class='ocr_line' id='line_1_27' title="bbox 262 3564 1313 3656; baseline 0.007 -23"><span class='ocrx_word' id='word_1_163' title='bbox 262 3574 402 3655; x_wconf 85' lang='lat' dir='ltr'><strong>tempus</strong></span> <span class='ocrx_word' id='word_1_164' title='bbox 427 3564 675 3656; x_wconf 84' lang='lat' dir='ltr'><strong>dispuationis</strong></span> <span class='ocrx_word' id='word_1_165' title='bbox 707 3566 927 3650; x_wconf 87' lang='lat' dir='ltr'><strong>ordinariae,</strong></span> <span class='ocrx_word' id='word_1_166' title='bbox 962 3588 1170 3654; x_wconf 87' lang='lat' dir='ltr'><strong>quocunque</strong></span> <span class='ocrx_word' id='word_1_167' title='bbox 1191 3568 1313 3653; x_wconf 86' lang='lat' dir='ltr'><strong>modo,</strong></span> 
     </span>
     <span class='ocr_line' id='line_1_28' title="bbox 265 3680 1313 3785; baseline 0.009 -31"><span class='ocrx_word' id='word_1_168' title='bbox 265 3685 340 3754; x_wconf 88' lang='lat' dir='ltr'><strong>sive</strong></span> <span class='ocrx_word' id='word_1_169' title='bbox 358 3685 588 3780; x_wconf 87' lang='lat' dir='ltr'><strong>disputative,</strong></span> <span class='ocrx_word' id='word_1_170' title='bbox 604 3688 678 3755; x_wconf 81' lang='lat' dir='ltr'><strong>sive</strong></span> <span class='ocrx_word' id='word_1_171' title='bbox 698 3680 923 3785; x_wconf 58' lang='lat' dir='ltr'><strong>perlmodmu</strong></span> <span class='ocrx_word' id='word_1_172' title='bbox 940 3688 1121 3772; x_wconf 88' lang='lat' dir='ltr'><strong>lectionis,</strong></span> <span class='ocrx_word' id='word_1_173' title='bbox 1132 3689 1194 3758; x_wconf 87' lang='lat' dir='ltr'><strong>vel</strong></span> <span class='ocrx_word' id='word_1_174' title='bbox 1216 3696 1313 3763; x_wconf 83' lang='lat' dir='ltr'><strong>utro·</strong></span> 
     </span>
     <span class='ocr_line' id='line_1_29' title="bbox 267 3806 1315 3902; baseline 0.008 -28"><span class='ocrx_word' id='word_1_175' title='bbox 267 3827 334 3896; x_wconf 92' lang='lat' dir='ltr'><strong>que</strong></span> <span class='ocrx_word' id='word_1_176' title='bbox 350 3806 467 3889; x_wconf 90' lang='lat' dir='ltr'><strong>modo,</strong></span> <span class='ocrx_word' id='word_1_177' title='bbox 477 3813 538 3875; x_wconf 89' lang='lat' dir='ltr'><strong>aut</strong></span> <span class='ocrx_word' id='word_1_178' title='bbox 550 3807 656 3876; x_wconf 90' lang='lat' dir='ltr'><strong>modo</strong></span> <span class='ocrx_word' id='word_1_179' title='bbox 667 3807 810 3877; x_wconf 90' lang='lat' dir='ltr'><strong>meliori</strong></span> <span class='ocrx_word' id='word_1_180' title='bbox 825 3832 894 3897; x_wconf 89' lang='lat' dir='ltr'><strong>quo</strong></span> <span class='ocrx_word' id='word_1_181' title='bbox 906 3809 1145 3902; x_wconf 87' lang='lat' dir='ltr'><strong>poterit,oum</strong></span> <span class='ocrx_word' id='word_1_182' title='bbox 1157 3812 1315 3898; x_wconf 78' lang='lat' dir='ltr'><strong>quatuos</strong></span> 
     </span>
     <span class='ocr_line' id='line_1_30' title="bbox 266 3928 1313 4020; baseline 0.01 -25"><span class='ocrx_word' id='word_1_183' title='bbox 266 3928 429 4020; x_wconf 85' lang='lat' dir='ltr'><strong>personis</strong></span> <span class='ocrx_word' id='word_1_184' title='bbox 452 3929 685 4014; x_wconf 81' lang='lat' dir='ltr'><strong>solummodo,</strong></span> <span class='ocrx_word' id='word_1_185' title='bbox 705 3953 808 4020; x_wconf 88' lang='lat' dir='ltr'><strong>quem</strong></span> <span class='ocrx_word' id='word_1_186' title='bbox 829 3954 1006 4003; x_wconf 87' lang='lat' dir='ltr'><strong>numerum</strong></span> <span class='ocrx_word' id='word_1_187' title='bbox 1024 3930 1233 4003; x_wconf 79' lang='lat' dir='ltr'><strong>nullatenus</strong></span> <span class='ocrx_word' id='word_1_188' title='bbox 1253 3954 1313 4005; x_wconf 84' lang='lat' dir='ltr'><strong>ex·</strong></span> 
     </span>
    </p>
   </div>
   <div class='ocr_carea' id='block_1_10' title="bbox 0 0 1366 4740">
    <p class='ocr_par' dir='ltr' id='par_1_10' title="bbox 0 0 1366 4740">
     <span class='ocr_line' id='line_1_31' title="bbox 0 0 1366 4740; baseline 0 0"><span class='ocrx_word' id='word_1_189' title='bbox 0 0 1366 4740; x_wconf 95' lang='lat' dir='ltr'><strong> </strong></span> 
     </span>
    </p>
   </div>
  </div>
 </body>
</html>
