2700 4732
79 282 189 354 near.
209 282 284 356 vt.-

345 512 579 612 nunmcn
606 542 784 615 saxna,

545 707 583 784 1·
664 731 666 735 ,

85 871 147 950 De
172 869 284 1012 modo,
298 869 512 958 consiliandi,
540 872 661 976 etqui
686 868 1038 955 deterrimarum
1063 891 1066 895 ’

142 1019 235 1089 Item
255 1023 291 1090 in
309 1021 418 1114 plena
439 1021 718 1113 congregatione
733 1023 971 1094 universitatis
983 1047 1086 1117 prae-

31 1138 146 1216 'nite
177 1147 323 1214 domino
350 1145 559 1236 praeposito
582 1145 801 1214 Rudnicensi
829 1141 1115 1221 vieeeaneella-.

52 1268 104 1338 ria
122 1266 227 1334 studii
254 1268 448 1359 Pragensis
473 1266 676 1335 conclusum
694 1276 799 1354 -erat,
819 1273 912 1359 quod
932 1276 1087 1368 amplius

56 1388 163 1459 ullus
191 1389 439 1482 magistrorum
466 1390 615 1457 deberet
645 1389 815 1459 interesse
847 1395 1010 1464 conciliis
1035 1397 1090 1466 fa-

60 1511 200 1596 cultatis,
223 1513 292 1581 nisi
314 1513 472 1600 quintum
504 1533 633 1578 amium
655 1511 706 1581 sui
729 1515 927 1603 magisterii
949 1517 1089 1606 attigis-

20 1735 27 1755 ι
63 1643 121 1720 set,
141 1644 177 1703 et
202 1637 400 1727 regentiam
421 1656 515 1701 suam
541 1657 609 1725 per
636 1636 723 1701 duos
746 1658 854 1703 annos
875 1638 1093 1730 complevis-

61 1760 120 1823 set.
165 1755 254 1824 Erat
288 1763 409 1821 tamen
440 1753 640 1839 adjectum,
678 1754 771 1842 quod
813 1756 950 1843 quando
973 1759 1094 1849 magi·
1177 1778 1180 1785 ‘

62 1875 182 1944 manui
203 1876 263 1945 vel
288 1874 554 1945 baccalariandi
592 1875 739 1943 admitti
762 1875 918 1946 debeant
939 1879 986 1949 ad
1012 1901 1094 1971 gra·
1118 1881 1122 1885 ⁷

63 1996 147 2082 dnm,
161 1999 219 2068 vel
248 1990 388 2087 quando
412 2005 537 2090 petunt
566 1998 761 2066 bacealarii
787 1999 971 2069 licentiam
993 2023 1092 2070 reee-

64 2120 174 2206 dendi,
188 2121 246 2189 vel
266 2119 408 2210 quando
431 2118 604 2187 ordinarii
626 2120 791 2189 distribui
816 2120 985 2203 debeant,
997 2117 1093 2207 quod

61 2254 138 2314 tune
162 2267 280 2313 omnes
307 2240 472 2335 magistri
504 2240 659 2310 debeant
689 2241 880 2310 convocari
911 2248 949 2309 et
963 2238 1093 2340 annai·

56 2367 113 2437 liis
134 2368 317 2444 interesse.
349 2398 352 2404 ·

552 2527 591 2599 2.

58 2669 171 2783 Quod
189 2663 374 2768 adquanda
399 2661 542 2743 concilio
556 2661 756 2762 facultatis
780 2683 895 2738 ananes
921 2659 1093 2765 magistri

90 2812 247 2904 posteat
270 2798 439 2876 interesse
465 2809 500 2868 et
525 2784 589 2864 dac
613 2791 650 2864 in
675 2779 814 2894 aragnis
848 2800 885 2862 et
917 2780 1044 2861 arduis

508 2933 638 2988 causis.

151 3063 244 3136 Item
279 3066 342 3136 22.
371 3061 431 3130 die
464 3058 593 3128 mensis
632 3052 792 3125 ianuarii
820 3049 918 3118 facta
947 3048 1100 3139 desuper
1168 3111 1173 3123 ,

46 3187 336 3282 congregatione
368 3208 435 3280 per
472 3185 646 3269 majorem
679 3186 822 3270 partem
848 3175 1099 3268 magistrorum

47 3321 143 3381 imo
170 3307 406 3400 praesentium
427 3305 544 3375 fuerat
575 3303 811 3382 declaratum,
835 3293 928 3384 quad
948 3291 1100 3363 decanus

45 3428 237 3502 facultatis
257 3430 386 3500 artium
415 3429 452 3498 in
480 3427 591 3496 causis
619 3424 738 3494 arduis
760 3419 950 3509 requisitus
981 3418 1102 3509 posset

49 3573 182 3623 omnes
205 3551 392 3643 magistros
416 3550 575 3638 ejusdem
593 3542 772 3614 facultatis
786 3539 1005 3643 generaliter
1020 3563 1102 3611 oon·

49 3693 225 3768 gregare,
243 3682 280 3739 et
301 3672 464 3758 maxime,
493 3670 633 3764 quando
657 3666 789 3734 factum
816 3662 1012 3751 quemlibet
1046 3683 1102 3733 eu·

51 3815 142 3864 rum
171 3803 400 3863 concerneret
425 3791 650 3884 singillatim,
678 3810 749 3855 non
776 3785 944 3853 obstante
972 3786 1104 3849 statuta

53 3916 266 3989 immediate
285 3916 521 4012 praescripto,
550 3937 619 4006 qua
648 3922 793 3982 cautum
822 3911 887 3990 est,
918 3901 1012 3992 quud
1032 3923 1104 3971 ma-
