2700 4732
250 197 314 267 174

251 416 383 545 Anno
404 459 550 535 Domini
571 458 683 531 1377.
707 456 864 553 promoti
896 464 976 527 aunt
1004 457 1052 527 ad
1072 459 1298 565 lieentiatsam

249 586 344 659 infra
375 587 502 680 scripti
534 583 592 652 die
627 576 665 662 6.
686 578 895 653 Februarii:
921 581 1099 655 Henrieus
1130 586 1300 675 Bnemus,

252 709 479 790 Wiuelerus,
512 703 691 775 Gerardus
727 700 927 793 Euagrich‚
952 705 1163 797 Tydea-iem·
1184 708 1299 783 Bffll.

247 828 366 915 wick‚
391 827 594 922 Stephanus
612 820 808 905 Australis,
838 824 1021 895 Massilius
1033 878 1044 913 ,
1076 828 1300 905 Bartholdus

250 951 415 1044 Gotting,
438 947 598 1026 Alexim,
620 943 858 1029 Burchardua,
886 948 1064 1018 Martinus
1081 950 1126 1019 de
1145 952 1300 1027 nebron-

199 1148 203 1155 ,
249 1096 353 1168 perg‚
381 1071 585 1167 Fridericus
616 1068 661 1137 de
698 1066 886 1153 Glatouia‚
915 1070 1036 1139 Nieoi.
1056 1072 1300 1171 Sywenburg,

250 1194 436 1285 Heningus
471 1188 618 1272 Borch,
654 1189 765 1264 duan.
797 1185 977 1273 Bauarus,
1014 1192 1078 1266 Jo.
1108 1178 1301 1281 Australis,

254 1314 415 1386 Mathias
436 1313 602 1395 Colonus,
626 1320 663 1381 et
685 1312 794 1383 dean.
814 1309 860 1379 de
881 1311 1126 1387 Wratislauia.

348 1434 442 1505 Item
483 1434 611 1504 ultima
648 1433 708 1503 die
747 1431 912 1504 Januarii
961 1432 1036 1511 det.
1077 1437 1301 1513 Hermunuus

251 1554 462 1628 Schonense
484 1554 546 1627 sub
569 1578 664 1648 mag.
684 1553 868 1630 Brunone.

345 1678 441 1749 Item
463 1679 499 1754 1.
519 1676 578 1745 die
595 1676 785 1747 Februarii
805 1669 880 1751 det.
899 1674 947 1747 N.
958 1674 1062 1751 Guba
1077 1689 1115 1750 et
1124 1680 1302 1759 Reatinus

251 1802 299 1873 de
320 1801 524 1873 Gamundia
541 1801 605 1869 sub
630 1822 727 1892 mag.
748 1799 797 1871 N.
821 1798 956 1874 Gubiu.
1076 1819 1079 1823 ·

346 1922 439 1994 Item
469 1923 597 1992 eodem
627 1921 686 1990 die
714 1921 826 1991 Heus.
853 1920 900 1992 de
931 1922 1110 1999 Gosburia
1130 1922 1208 2009 dei,
1232 1924 1301 1997 sub

250 2068 344 2138 mag.
373 2046 436 2121 do.
459 2041 742 2136 Wyudenbrug.
769 2049 800 2118 t.

345 2163 439 2234 Item
469 2166 529 2235 Jo.
563 2161 608 2232 de
641 2162 803 2257 Campo·
818 2162 979 2236 liliorum
1005 2165 1081 2244 det.
1116 2168 1178 2241 sub
1199 2190 1302 2264 meg.

253 2290 298 2368 C.
322 2288 474 2361 Sultow.
503 2284 540 2358 d.

347 2408 440 2477 Item
450 2408 559 2483 Joau.
572 2405 664 2475 Rost
679 2407 743 2475 sub
759 2428 857 2497 mag.
868 2405 929 2476 du.
942 2402 1145 2476 zuehtuleu‘
1155 2406 1235 2482 det.
1259 2406 1300 2479 d·

347 2529 440 2597 Item
460 2529 507 2598 H.
529 2527 574 2596 de
593 2526 759 2619 Gottiug,
783 2529 847 2597 sub
872 2549 970 2620 mag.
999 2524 1205 2598 Wasmudo.

348 2646 442 2716 Item
471 2647 572 2719 Frid.
593 2648 772 2720 Creuezer
789 2649 854 2719 sub
875 2673 968 2745 mag.
986 2651 1094 2725 Petro
1116 2650 1162 2720 de
1174 2650 1296 2723 Strau-

254 2774 363 2863 biuga
384 2773 419 2843 6.
443 2770 503 2838 die
524 2771 724 2841 Februarii.

347 2890 440 2963 Item
461 2893 643 2963 dominico
665 2892 849 2966 lnvucavit
872 2894 946 2965 det.
973 2896 1102 2966 Petrus
1125 2896 1295 2991 Kyezing

253 3018 319 3088 sub
342 3040 438 3110 mag.
461 3017 513 3094 H.
542 3017 674 3093 Stadia.
1235 3036 1238 3043 ·

350 3137 443 3210 Item
484 3145 522 3209 in
558 3139 802 3235 Garnisprivio
842 3141 1055 3235 inceperunt
1088 3139 1126 3209 in
1162 3139 1295 3211 artibus
1325 3132 1329 3138 ⁵

254 3257 320 3326 sub
338 3283 431 3352 mag.
463 3262 628 3355 Rutgero
654 3263 715 3332 Jo.
742 3260 925 3333 Wiukleri
958 3270 995 3330 et
1028 3264 1164 3353 Dyetr.
1185 3256 1295 3329 Burd-

254 3378 342 3448 wik.

350 3500 446 3575 Item
467 3502 504 3575 4.
526 3503 585 3573 die
608 3504 737 3574 Martii
770 3505 908 3599 incepit
927 3504 1104 3574 Hunrieus
1123 3504 1184 3571 sub
1204 3518 1298 3593 mag.

255 3623 494 3704 Fridmanuo.
861 3634 865 3641 “

256 3795 338 3924 lsti
381 3854 462 3914 sunt
502 3842 647 3913 admissi
685 3802 740 3915 ad!
774 3848 927 3942 gradum
962 3845 1224 3916 baacslariatus
1264 3846 1299 3911 iu

257 3970 378 4065 eapite
412 3964 550 4055 dejunii
579 3971 770 4056 secuudum
793 3970 955 4041 ordinem
983 3967 1079 4038 infra
1107 3965 1297 4077 seriptum:
