2714 4740
755 482 813 558 15.

502 602 595 738 Quis
618 625 795 734 eligendus
819 627 1059 704 examinator.
1167 725 1170 729 Ι
1236 696 1240 703 .

356 771 451 846 Item
478 777 607 846 eodem
629 798 721 846 anno
749 773 811 845 14.
839 772 898 841 die
929 772 1059 843 mensis
1088 772 1184 845 Jniii
1215 772 1313 847 facta

259 896 369 987 plena
388 884 671 991 congregatione
692 896 874 964 facultatis
893 896 958 963 sub
979 893 1048 964 hac
1064 874 1206 972 format
1232 894 1314 967 Ma·
1330 882 1350 989 Ἰ

204 1028 207 1041 ·
258 1016 373 1109 gister
397 1017 615 1091 reverende!
642 1019 718 1087 sitis
739 1017 849 1087 hodie
871 1016 962 1086 hora
995 1017 1056 1091 17.
1090 1012 1127 1087 in
1152 1010 1314 1093 concilio

260 1135 443 1208 facultatis
465 1141 511 1207 ad
538 1140 741 1221 videndum,
764 1163 809 1207 an
823 1139 887 1206 alii
910 1139 1054 1209 articuli
1070 1140 1169 1232 prius
1189 1142 1227 1209 in
1238 1140 1313 1211 alia
1339 1138 1343 1147 '

169 1344 172 1349 ,
259 1264 540 1355 congregatione
559 1263 736 1353 propositi
756 1285 823 1355 per
843 1268 988 1349 quatuor
1008 1263 1200 1354 magistros
1224 1260 1311 1332 afa·

261 1389 396 1454 cultate
411 1386 600 1478 deputatos
621 1384 788 1475 concepti
805 1382 966 1451 finaliter
983 1385 1055 1453 sint
1074 1380 1312 1452 concludendi

260 1508 439 1590 totaliter,
465 1508 524 1576 vel
548 1506 584 1575 in
615 1514 743 1598 parte,
771 1505 833 1576 sub
859 1527 995 1597 poena,
1028 1504 1311 1601 sicut‘diligitis

259 1631 392 1700 bonum
409 1628 600 1711 facultatis,
615 1634 656 1699 et
670 1649 743 1696 non
765 1626 1044 1704 contradicendi,
1097 1626 1311 1726 Conclusam

258 1763 342 1821 tunc
367 1751 433 1819 fuit
457 1751 494 1818 in
520 1749 645 1817 eadem
667 1749 950 1839 congregatione,
980 1749 1169 1823 secundum
1197 1754 1323 1839 maios,

257 1896 334 1942 rem
346 1884 499 1964 partem,
513 1873 634 1964 primo
657 1869 723 1937 ille
737 1870 916 1951 articulus,
940 1871 1034 1960 quod
1059 1874 1176 1965 nullm
1195 1864 1307 1945 debet

259 1992 351 2085 eligi
365 1994 401 2061 in
427 1991 704 2060 examinatorem
730 1989 1096 2076 bacoalariandorum‚
1114 1994 1187 2062 nisi
1211 1994 1309 2065 ordi·

259 2133 305 2180 ne
332 2114 446 2206 ipsum
469 2110 706 2181 concernente
727 2111 802 2176 sine
824 2109 961 2193 fraude,
988 2115 1018 2181 si
1041 2137 1110 2206 pro
1140 2122 1227 2184 tunc
1255 2116 1309 2185 in·

259 2233 316 2306 fra
339 2257 456 2306 muros
472 2229 662 2323 Pragensis
677 2229 835 2298 civitatis
847 2230 964 2316 fuerit,
984 2234 1216 2326 responderit
1231 2236 1310 2329 ipso

257 2381 351 2427 anno
368 2357 408 2425 in
429 2350 671 2448 disputatione
686 2352 732 2420 de
753 2354 915 2442 quolibet
937 2363 973 2422 et
994 2353 1237 2450 disputaverit
1253 2378 1310 2426 or·

257 2480 398 2549 dinaric
424 2481 525 2565 juxta
558 2483 688 2548 statuta
711 2473 895 2547 facultatis
928 2479 1057 2552 artium
1093 2488 1131 2548 et
1154 2477 1307 2576 promis·

258 2625 299 2672 ra
327 2598 379 2690 ²³).

756 2740 818 2819 16.

258 2873 486 2957 Acccdcaalus
507 2874 815 2957 vicecancellarius
837 2879 880 2961 ale
901 2887 1063 2964 examine
1085 2868 1308 2994 magistram

703 3001 842 3084 doram.

360 3148 455 3217 Item
477 3148 515 3216 in
540 3148 665 3220 eadem
697 3153 975 3247 congregatione
999 3158 1209 3232 conclusum
1236 3158 1307 3235 fuit

257 3281 294 3342 et
318 3282 496 3356 statutum,
518 3275 612 3363 quod
632 3263 807 3368 tempore
820 3278 1009 3370 positionis
1026 3264 1307 3357 examinatorum

255 3418 324 3489 pro
346 3397 596 3487 magistrandis
621 3399 781 3486 quolibet
808 3422 900 3486 anno
931 3401 1084 3474 decanus
1103 3404 1306 3483 ,facultatis

255 3540 325 3611 pro
349 3526 432 3586 tunc
457 3518 608 3586 existens
631 3543 712 3589 cum
732 3532 879 3610 quatuor
897 3523 1080 3615 magistris
1100 3549 1168 3618 per
1188 3529 1303 3605 facul·

146 3659 151 3667 ’
255 3648 367 3709 tatem
387 3640 568 3736 deputatis
591 3651 628 3711 et
645 3643 715 3712 sibi
734 3643 913 3732 adjunctis
932 3646 1053 3716 visitet
1073 3648 1304 3725 vicecancel-

276 3907 309 3987 *)
328 3915 427 3971 Serius
454 3915 521 3971 add.
555 3911 653 3971 Simile
672 3925 806 3974 statutum
830 3920 894 3976 vida
921 3916 975 3977 fol.
997 3918 1047 3980 88.
1073 3937 1127 3997 pro
1154 3921 1308 3981 ordinaria

311 4016 514 4086 disputatione.
