2700 4732
231 247 234 255 ¹
257 267 317 343 1⁰²
767 216 778 240 ¹
1086 254 1190 330 Rubr.
1213 261 1257 329 x.

255 469 442 567 praedicta
464 483 544 534 raro
567 458 626 525 vel
648 476 823 543 nunquam
846 451 1049 538 haberetur,
1076 454 1114 524 in
1130 450 1322 527 hocuna··

255 592 400 664 nimiter
421 587 680 663 consenserunt,
711 578 805 667 quod
823 575 960 647 dictum
988 587 1156 649 statutum
1176 579 1299 654 mode·

254 713 325 784 rari
352 710 501 777 deberet
524 698 733 783 istomodo,
760 697 855 787 qnod
867 698 1017 767 decanus
1039 680 1224 770 facultatis
1243 704 1301 771 ar·

256 834 357 914 tium,
370 829 428 919 qni
453 850 520 920 pro
533 804 696 915 tempore
710 820 828 903 fuerit,
845 827 1007 890 teneatur
1023 819 1141 890 facere
1151 843 1301 913 genera·

253 959 326 1026 iem
349 949 508 1021 omnium
531 946 782 1035 magistrorum
801 930 1136 1035 congregationem.
1167 968 1299 1047 regen·

252 1075 342 1143 tium
355 1078 390 1138 et
400 1093 469 1138 non
481 1066 681 1157 regentium
691 1067 727 1135 in
741 1065 911 1137 facultate
926 1068 1122 1159 praedicta,
1135 1068 1299 1141 saburro

252 1196 300 1263 ad
314 1215 414 1261 unam
429 1189 654 1279 quindenam,
665 1191 739 1257 sive
751 1191 905 1258 mediate
919 1191 1157 1283 praecedente
1169 1193 1304 1271 nativi·⁴

252 1323 364 1383 tatem
381 1337 410 1391 s.
433 1313 582 1383 Joannis
601 1317 788 1408 Baptistae
812 1313 858 1381 ad
882 1313 1084 1395 videndum,
1100 1336 1147 1381 an
1167 1312 1300 1404 aliquis

253 1436 313 1503 vel
338 1437 447 1525 aliqui
471 1459 507 1504 se
534 1439 622 1507 velit
645 1463 706 1507 sen
721 1437 837 1506 velint
860 1435 1023 1506 facultati
1043 1431 1091 1502 ad
1112 1430 1299 1526 disputan·

254 1557 338 1626 (lum
358 1559 402 1625 de
429 1559 591 1648 quolibet
607 1568 855 1651 praesentare3
883 1566 919 1624 et
942 1555 971 1623 si
992 1564 1079 1625 uirus
1103 1577 1141 1623 se
1159 1554 1298 1643 obtule·

252 1683 313 1760 rit,
339 1681 443 1747 illum
471 1681 621 1752 facultas
648 1690 844 1773 acceptet3
872 1679 902 1746 si
931 1689 1049 1747 antem
1076 1681 1217 1773 planes,
1247 1679 1300 1747 fa·

253 1805 365 1873 cultas
386 1801 498 1892 eligat
518 1803 690 1871 seniorem
712 1803 804 1871 inter
831 1803 926 1884 illos,
947 1804 1006 1892 qui
1028 1803 1058 1871 si
1084 1813 1299 1896 acceptave·

251 1926 316 2006 rit,
344 1947 380 1990 se
405 1922 527 1990 statim
548 1925 689 2016 obliget
717 1926 780 1993 sub
799 1947 913 2017 poena
940 1925 1084 1994 duarum
1103 1907 1299 2018 sexagena-

251 2070 339 2129 rum‚
362 2045 456 2134 quod
474 2046 543 2112 isto
562 2070 653 2113 anno
666 2048 850 2138 deputare
864 2071 934 2116 non
951 2049 1131 2115 ommittet
1145 2066 1158 2134 3
1173 2049 1228 2116 cui
1243 2047 1295 2115 fa·

251 2170 364 2238 cultas
383 2168 444 2234 det
467 2168 550 2235 duas
572 2191 763 2260 sexagenas
787 2194 866 2237 cum
891 2171 972 2238 aliis
993 2170 1107 2239 solitis
1130 2173 1167 2240 in
1183 2195 1295 2264 ,prae-

253 2294 350 2370 dicto
371 2298 500 2359 statuto
521 2293 722 2360 nominatis.
776 2294 816 2362 si
837 2303 953 2364 autem
974 2293 1011 2360 in
1029 2293 1128 2360 dicta
1146 2316 1297 2386 congre·

251 2415 398 2505 gatione
419 2437 456 2480 se
478 2414 592 2483 nullus
614 2425 843 2506 praesentare
871 2416 1057 2497 curaverit,
1079 2436 1123 2482 ex
1137 2429 1218 2484 tnnc
1236 2416 1297 2484 dc·

253 2559 356 2603 canus
384 2537 533 2603 sabbato
560 2539 725 2628 proximo
754 2538 918 2629 proximo
942 2538 1168 2607 nativitatem
1191 2561 1297 2630 prae·

251 2656 404 2725 cedente
425 2655 471 2723 de
488 2679 581 2725 novo
605 2668 800 2748 congreget
827 2659 1016 2748 magistros
1041 2658 1105 2728 sub
1124 2657 1242 2750 poena
1260 2664 1312 2729 ct-

251 2779 370 2860 modo,
391 2779 480 2846 sicut
509 2779 546 2846 in
573 2780 737 2870 praefato
762 2789 892 2848 statuto
920 2781 1130 2862 continetur,
1161 2782 1198 2850 in
1231 2801 1298 2869 qut

251 2898 529 2990 congregatione
555 2899 798 2992 disputaturus
815 2899 862 2966 de
892 2899 1054 2989 quolibet
1082 2923 1151 2991 per
1182 2902 1295 2991 magi·

250 3035 340 3094 stros
362 3033 566 3118 praesentes
590 3025 755 3116 eligatur,
782 3033 818 3090 et
840 3024 907 3092 ille
929 3025 980 3091 sic
1013 3026 1147 3102 electus
1171 3023 1297 3117 glispu·

251 3153 398 3218 tationis
422 3175 505 3220 onus
527 3152 589 3220 sub
618 3174 734 3243 poena
759 3151 904 3220 duarum
927 3171 1180 3240 sexagenorum
1200 3173 1296 3222 assu·

251 3298 361 3355 mere,
386 3287 421 3344 et
448 3278 495 3344 ad
520 3277 681 3365 debitum
700 3264 819 3344 finem
847 3276 1045 3367 perducere
1071 3274 1119 3343 sit
1139 3272 1295 3356 coactns,

250 3400 306 3471 oui
329 3400 494 3469 similiter
523 3401 673 3470 facultas
700 3401 745 3468 de
772 3401 914 3481 salario,
941 3398 1115 3468 videlicet
1150 3399 1297 3467 (inarum

249 3514 525 3616 sexagenorum,
555 3538 593 3596 et
617 3526 719 3610 aliis,
742 3534 783 3597 ut
814 3527 1080 3624 praemittitur,
1103 3528 1295 3622 providere

250 3659 422 3724 teneatur.
