<?xml version="1.0" encoding="UTF-8"?>
<!DOCTYPE html PUBLIC "-//W3C//DTD XHTML 1.0 Transitional//EN"
    "http://www.w3.org/TR/xhtml1/DTD/xhtml1-transitional.dtd">
<html xmlns="http://www.w3.org/1999/xhtml" xml:lang="en" lang="en">
 <head>
  <title>
</title>
<meta http-equiv="Content-Type" content="text/html;charset=utf-8" />
  <meta name='ocr-system' content='tesseract 3.04.00' />
  <meta name='ocr-capabilities' content='ocr_page ocr_carea ocr_par ocr_line ocrx_word'/>
</head>
<body>
  <div class='ocr_page' id='page_1' title='image "./liberdecanorumf00unkngoog_0181.png"; bbox 0 0 2700 4732; ppageno 0'>
   <div class='ocr_carea' id='block_1_1' title="bbox 103 302 1111 384">
    <p class='ocr_par' dir='ltr' id='par_1_1' title="bbox 103 302 1111 384">
     <span class='ocr_line' id='line_1_1' title="bbox 103 302 1111 384; baseline -0.01 0"><span class='ocrx_word' id='word_1_1' title='bbox 103 311 168 384; x_wconf 77' lang='lat'><strong>118</strong></span> <span class='ocrx_word' id='word_1_2' title='bbox 382 311 390 321; x_wconf 88' lang='lat'>&#39;</span> <span class='ocrx_word' id='word_1_3' title='bbox 939 302 1045 373; x_wconf 78' lang='lat' dir='ltr'><strong>Rnbr.</strong></span> <span class='ocrx_word' id='word_1_4' title='bbox 1065 304 1111 379; x_wconf 60' lang='lat' dir='ltr'><strong>x..</strong></span> 
     </span>
    </p>
   </div>
   <div class='ocr_carea' id='block_1_2' title="bbox 104 493 1156 712">
    <p class='ocr_par' dir='ltr' id='par_1_2' title="bbox 104 493 1156 712">
     <span class='ocr_line' id='line_1_2' title="bbox 104 493 1156 712; baseline -0.015 -19"><span class='ocrx_word' id='word_1_5' title='bbox 104 608 165 693; x_wconf 86' lang='lat' dir='ltr'><strong>De</strong></span> <span class='ocrx_word' id='word_1_6' title='bbox 193 621 336 685; x_wconf 80' lang='lat' dir='ltr'><strong>statuto</strong></span> <span class='ocrx_word' id='word_1_7' title='bbox 367 599 510 712; x_wconf 83' lang='lat' dir='ltr'><strong>legendo</strong></span> <span class='ocrx_word' id='word_1_8' title='bbox 538 605 576 682; x_wconf 82' lang='lat' dir='ltr'><strong>in</strong></span> <span class='ocrx_word' id='word_1_9' title='bbox 589 493 852 685; x_wconf 40' lang='lat' dir='ltr'><strong>{ditributione</strong></span> <span class='ocrx_word' id='word_1_10' title='bbox 873 599 1156 685; x_wconf 73' lang='lat' dir='ltr'><strong>ordinariorum.</strong></span> 
     </span>
    </p>
   </div>
   <div class='ocr_carea' id='block_1_3' title="bbox 70 724 1157 2298">
    <p class='ocr_par' dir='ltr' id='par_1_3' title="bbox 70 724 1157 2298">
     <span class='ocr_line' id='line_1_3' title="bbox 113 724 1154 806; baseline -0.011 0"><span class='ocrx_word' id='word_1_11' title='bbox 113 767 115 773; x_wconf 95' lang='lat'>·</span> <span class='ocrx_word' id='word_1_12' title='bbox 201 737 309 805; x_wconf 79' lang='lat' dir='ltr'><strong>Anno</strong></span> <span class='ocrx_word' id='word_1_13' title='bbox 329 733 475 805; x_wconf 85' lang='lat' dir='ltr'>Domini</span> <span class='ocrx_word' id='word_1_14' title='bbox 494 733 606 805; x_wconf 81' lang='grc'><strong>1403.</strong></span> <span class='ocrx_word' id='word_1_15' title='bbox 639 732 701 802; x_wconf 90' lang='lat' dir='ltr'><strong>dic</strong></span> <span class='ocrx_word' id='word_1_16' title='bbox 723 733 786 806; x_wconf 92' lang='grc'><strong>10.</strong></span> <span class='ocrx_word' id='word_1_17' title='bbox 807 731 940 801; x_wconf 83' lang='lat' dir='ltr'><strong>mensis</strong></span> <span class='ocrx_word' id='word_1_18' title='bbox 960 724 1154 799; x_wconf 75' lang='lat' dir='ltr'>Februarii</span> 
     </span>
     <span class='ocr_line' id='line_1_4' title="bbox 105 851 1157 947; baseline -0.011 -16"><span class='ocrx_word' id='word_1_19' title='bbox 105 863 145 931; x_wconf 88' lang='lat' dir='ltr'><strong>in</strong></span> <span class='ocrx_word' id='word_1_20' title='bbox 164 859 337 927; x_wconf 84' lang='lat' dir='ltr'><strong>decanatu</strong></span> <span class='ocrx_word' id='word_1_21' title='bbox 359 878 458 947; x_wconf 76' lang='lat' dir='ltr'><strong>mag.</strong></span> <span class='ocrx_word' id='word_1_22' title='bbox 485 855 667 926; x_wconf 86' lang='lat' dir='ltr'><strong>Waltheri</strong></span> <span class='ocrx_word' id='word_1_23' title='bbox 688 856 881 926; x_wconf 86' lang='lat' dir='ltr'><strong>Harrasser</strong></span> <span class='ocrx_word' id='word_1_24' title='bbox 903 851 1001 920; x_wconf 87' lang='lat' dir='ltr'><strong>facta</strong></span> <span class='ocrx_word' id='word_1_25' title='bbox 1025 870 1157 921; x_wconf 77' lang='lat' dir='ltr'><strong>convo-</strong></span> 
     </span>
     <span class='ocr_line' id='line_1_5' title="bbox 106 970 1157 1070; baseline -0.008 -19"><span class='ocrx_word' id='word_1_26' title='bbox 106 979 247 1051; x_wconf 76' lang='lat' dir='ltr'>catione</span> <span class='ocrx_word' id='word_1_27' title='bbox 276 979 529 1070; x_wconf 74' lang='lat' dir='ltr'><strong>magistrorum</strong></span> <span class='ocrx_word' id='word_1_28' title='bbox 560 978 606 1047; x_wconf 89' lang='lat' dir='ltr'><strong>de</strong></span> <span class='ocrx_word' id='word_1_29' title='bbox 634 978 805 1049; x_wconf 76' lang='lat' dir='ltr'><strong>facultate</strong></span> <span class='ocrx_word' id='word_1_30' title='bbox 831 976 961 1046; x_wconf 78' lang='lat' dir='ltr'><strong>artirrm</strong></span> <span class='ocrx_word' id='word_1_31' title='bbox 988 974 1053 1043; x_wconf 81' lang='lat' dir='ltr'><strong>sub</strong></span> <span class='ocrx_word' id='word_1_32' title='bbox 1084 970 1157 1043; x_wconf 86' lang='lat' dir='ltr'><strong>hoo</strong></span> 
     </span>
     <span class='ocr_line' id='line_1_6' title="bbox 70 1097 1155 1199; baseline -0.008 -27"><span class='ocrx_word' id='word_1_33' title='bbox 70 1136 77 1155; x_wconf 61' lang='grc' dir='ltr'>ι</span> <span class='ocrx_word' id='word_1_34' title='bbox 105 1113 256 1174; x_wconf 86' lang='lat' dir='ltr'><strong>tenore:</strong></span> <span class='ocrx_word' id='word_1_35' title='bbox 284 1103 498 1172; x_wconf 83' lang='lat' dir='ltr'><strong>Reverende</strong></span> <span class='ocrx_word' id='word_1_36' title='bbox 520 1098 712 1194; x_wconf 77' lang='lat' dir='ltr'><strong>magister!</strong></span> <span class='ocrx_word' id='word_1_37' title='bbox 739 1102 817 1169; x_wconf 87' lang='lat' dir='ltr'><strong>sitis</strong></span> <span class='ocrx_word' id='word_1_38' title='bbox 834 1099 945 1199; x_wconf 89' lang='lat' dir='ltr'><strong>hodie</strong></span> <span class='ocrx_word' id='word_1_39' title='bbox 970 1097 1064 1167; x_wconf 85' lang='lat' dir='ltr'><strong>hora</strong></span> <span class='ocrx_word' id='word_1_40' title='bbox 1092 1097 1155 1169; x_wconf 74' lang='lat'><strong>20.</strong></span> 
     </span>
     <span class='ocr_line' id='line_1_7' title="bbox 107 1221 1157 1311; baseline -0.002 -20"><span class='ocrx_word' id='word_1_41' title='bbox 107 1225 148 1292; x_wconf 87' lang='lat' dir='ltr'><strong>in</strong></span> <span class='ocrx_word' id='word_1_42' title='bbox 168 1222 270 1291; x_wconf 84' lang='lat' dir='ltr'><strong>stuba</strong></span> <span class='ocrx_word' id='word_1_43' title='bbox 292 1221 470 1291; x_wconf 70' lang='lat' dir='ltr'><strong>facultatis</strong></span> <span class='ocrx_word' id='word_1_44' title='bbox 486 1224 533 1292; x_wconf 93' lang='lat' dir='ltr'><strong>ad</strong></span> <span class='ocrx_word' id='word_1_45' title='bbox 553 1223 759 1304; x_wconf 83' lang='lat' dir='ltr'><strong>videndum,</strong></span> <span class='ocrx_word' id='word_1_46' title='bbox 775 1245 820 1289; x_wconf 91' lang='lat' dir='ltr'><strong>an</strong></span> <span class='ocrx_word' id='word_1_47' title='bbox 835 1226 1050 1311; x_wconf 90' lang='lat' dir='ltr'><strong>conceptum</strong></span> <span class='ocrx_word' id='word_1_48' title='bbox 1073 1240 1157 1307; x_wconf 85' lang='lat' dir='ltr'><strong>qua·</strong></span> 
     </span>
     <span class='ocr_line' id='line_1_8' title="bbox 106 1344 1155 1440; baseline -0.002 -25"><span class='ocrx_word' id='word_1_49' title='bbox 106 1356 187 1415; x_wconf 89' lang='lat' dir='ltr'><strong>tuor</strong></span> <span class='ocrx_word' id='word_1_50' title='bbox 218 1347 464 1437; x_wconf 84' lang='lat' dir='ltr'><strong>magistrorum</strong></span> <span class='ocrx_word' id='word_1_51' title='bbox 493 1369 560 1440; x_wconf 84' lang='lat' dir='ltr'><strong>per</strong></span> <span class='ocrx_word' id='word_1_52' title='bbox 591 1346 801 1415; x_wconf 75' lang='lat' dir='ltr'>facultatem</span> <span class='ocrx_word' id='word_1_53' title='bbox 826 1344 1076 1435; x_wconf 69' lang='lat' dir='ltr'><strong>deputatorum</strong></span> <span class='ocrx_word' id='word_1_54' title='bbox 1102 1360 1155 1413; x_wconf 73' lang='lat' dir='ltr'><strong>tu-</strong></span> 
     </span>
     <span class='ocr_line' id='line_1_9' title="bbox 105 1466 1156 1561; baseline 0 -26"><span class='ocrx_word' id='word_1_55' title='bbox 105 1490 174 1561; x_wconf 88' lang='lat' dir='ltr'><strong>per</strong></span> <span class='ocrx_word' id='word_1_56' title='bbox 200 1466 412 1553; x_wconf 89' lang='lat' dir='ltr'><strong>quibusdam</strong></span> <span class='ocrx_word' id='word_1_57' title='bbox 436 1467 598 1536; x_wconf 80' lang='lat' dir='ltr'><strong>articulis</strong></span> <span class='ocrx_word' id='word_1_58' title='bbox 618 1467 773 1536; x_wconf 86' lang='lat' dir='ltr'><strong>relatum</strong></span> <span class='ocrx_word' id='word_1_59' title='bbox 801 1466 974 1548; x_wconf 81' lang='lat' dir='ltr'><strong>facultati,</strong></span> <span class='ocrx_word' id='word_1_60' title='bbox 997 1466 1045 1534; x_wconf 90' lang='lat' dir='ltr'><strong>sit</strong></span> <span class='ocrx_word' id='word_1_61' title='bbox 1064 1466 1156 1535; x_wconf 82' lang='lat' dir='ltr'><strong>lina·</strong></span> 
     </span>
     <span class='ocr_line' id='line_1_10' title="bbox 106 1588 1155 1683; baseline -0.005 -22"><span class='ocrx_word' id='word_1_62' title='bbox 106 1592 192 1661; x_wconf 88' lang='lat' dir='ltr'><strong>liter</strong></span> <span class='ocrx_word' id='word_1_63' title='bbox 212 1591 495 1660; x_wconf 87' lang='lat' dir='ltr'><strong>concludendum</strong></span> <span class='ocrx_word' id='word_1_64' title='bbox 517 1590 556 1657; x_wconf 89' lang='lat' dir='ltr'><strong>in</strong></span> <span class='ocrx_word' id='word_1_65' title='bbox 576 1595 692 1683; x_wconf 89' lang='lat' dir='ltr'><strong>parte,</strong></span> <span class='ocrx_word' id='word_1_66' title='bbox 720 1589 780 1663; x_wconf 83' lang='lat' dir='ltr'><strong>vel</strong></span> <span class='ocrx_word' id='word_1_67' title='bbox 803 1593 842 1656; x_wconf 92' lang='lat' dir='ltr'><strong>in</strong></span> <span class='ocrx_word' id='word_1_68' title='bbox 863 1597 954 1674; x_wconf 87' lang='lat' dir='ltr'><strong>toto,</strong></span> <span class='ocrx_word' id='word_1_69' title='bbox 979 1588 1049 1659; x_wconf 78' lang='lat' dir='ltr'><strong>sub</strong></span> <span class='ocrx_word' id='word_1_70' title='bbox 1069 1611 1155 1683; x_wconf 82' lang='lat' dir='ltr'><strong>poe-</strong></span> 
     </span>
     <span class='ocr_line' id='line_1_11' title="bbox 104 1694 1156 1807; baseline -0.003 -25"><span class='ocrx_word' id='word_1_71' title='bbox 104 1737 152 1782; x_wconf 91' lang='lat' dir='ltr'><strong>na</strong></span> <span class='ocrx_word' id='word_1_72' title='bbox 175 1694 343 1807; x_wconf 83' lang='lat' dir='ltr'><strong>praestiti</strong></span> <span class='ocrx_word' id='word_1_73' title='bbox 373 1714 568 1802; x_wconf 88' lang='lat' dir='ltr'><strong>juramenti</strong></span> <span class='ocrx_word' id='word_1_74' title='bbox 591 1712 623 1783; x_wconf 73' lang='lat'>&amp;</span> <span class='ocrx_word' id='word_1_75' title='bbox 650 1736 720 1782; x_wconf 93' lang='lat' dir='ltr'><strong>non</strong></span> <span class='ocrx_word' id='word_1_76' title='bbox 751 1711 1049 1801; x_wconf 81' lang='lat' dir='ltr'><strong>contradicendi3</strong></span> <span class='ocrx_word' id='word_1_77' title='bbox 1074 1704 1156 1781; x_wconf 81' lang='lat' dir='ltr'><strong>con·</strong></span> 
     </span>
     <span class='ocr_line' id='line_1_12' title="bbox 106 1835 1155 1925; baseline 0.002 -21"><span class='ocrx_word' id='word_1_78' title='bbox 106 1835 240 1910; x_wconf 86' lang='lat' dir='ltr'><strong>clusum</strong></span> <span class='ocrx_word' id='word_1_79' title='bbox 269 1838 341 1907; x_wconf 89' lang='lat' dir='ltr'><strong>fuit</strong></span> <span class='ocrx_word' id='word_1_80' title='bbox 375 1836 588 1910; x_wconf 88' lang='lat' dir='ltr'><strong>unanimiter</strong></span> <span class='ocrx_word' id='word_1_81' title='bbox 615 1837 715 1904; x_wconf 90' lang='lat' dir='ltr'><strong>nullo</strong></span> <span class='ocrx_word' id='word_1_82' title='bbox 743 1835 1027 1917; x_wconf 83' lang='lat' dir='ltr'><strong>contradicente,</strong></span> <span class='ocrx_word' id='word_1_83' title='bbox 1058 1835 1155 1925; x_wconf 88' lang='lat' dir='ltr'><strong>quod</strong></span> 
     </span>
     <span class='ocr_line' id='line_1_13' title="bbox 103 1952 1156 2053; baseline -0.003 -29"><span class='ocrx_word' id='word_1_84' title='bbox 103 1956 144 2028; x_wconf 88' lang='lat' dir='ltr'><strong>in</strong></span> <span class='ocrx_word' id='word_1_85' title='bbox 164 1959 372 2052; x_wconf 87' lang='lat' dir='ltr'><strong>receptione</strong></span> <span class='ocrx_word' id='word_1_86' title='bbox 402 1957 661 2027; x_wconf 89' lang='lat' dir='ltr'><strong>ordinariorum</strong></span> <span class='ocrx_word' id='word_1_87' title='bbox 680 1954 746 2027; x_wconf 73' lang='lat' dir='ltr'><strong>fac.</strong></span> <span class='ocrx_word' id='word_1_88' title='bbox 780 1958 932 2053; x_wconf 82' lang='lat' dir='ltr'><strong>decanus</strong></span> <span class='ocrx_word' id='word_1_89' title='bbox 962 1952 1156 2042; x_wconf 73' lang='lat' dir='ltr'><strong>facultatis,</strong></span> 
     </span>
     <span class='ocr_line' id='line_1_14' title="bbox 104 2072 1155 2181; baseline 0.002 -32"><span class='ocrx_word' id='word_1_90' title='bbox 104 2080 166 2173; x_wconf 90' lang='lat' dir='ltr'><strong>qui</strong></span> <span class='ocrx_word' id='word_1_91' title='bbox 195 2105 263 2174; x_wconf 87' lang='lat' dir='ltr'><strong>pro</strong></span> <span class='ocrx_word' id='word_1_92' title='bbox 305 2091 387 2150; x_wconf 88' lang='lat' dir='ltr'><strong>tnnc</strong></span> <span class='ocrx_word' id='word_1_93' title='bbox 431 2080 559 2181; x_wconf 81' lang='lat' dir='ltr'><strong>fuerit,</strong></span> <span class='ocrx_word' id='word_1_94' title='bbox 579 2080 680 2172; x_wconf 84' lang='lat' dir='ltr'><strong>legat</strong></span> <span class='ocrx_word' id='word_1_95' title='bbox 710 2087 878 2149; x_wconf 89' lang='lat' dir='ltr'><strong>statutum</strong></span> <span class='ocrx_word' id='word_1_96' title='bbox 914 2072 954 2147; x_wconf 61' lang='lat' dir='ltr'><strong>&#39;in</strong></span> <span class='ocrx_word' id='word_1_97' title='bbox 980 2080 1155 2152; x_wconf 87' lang='lat' dir='ltr'><strong>decanatu</strong></span> 
     </span>
     <span class='ocr_line' id='line_1_15' title="bbox 104 2203 1155 2298; baseline -0.003 -23"><span class='ocrx_word' id='word_1_98' title='bbox 104 2229 202 2298; x_wconf 78' lang='lat' dir='ltr'><strong>mag.</strong></span> <span class='ocrx_word' id='word_1_99' title='bbox 223 2204 324 2276; x_wconf 87' lang='lat' dir='ltr'><strong>Petri</strong></span> <span class='ocrx_word' id='word_1_100' title='bbox 350 2204 483 2272; x_wconf 89' lang='lat' dir='ltr'><strong>Posern</strong></span> <span class='ocrx_word' id='word_1_101' title='bbox 507 2226 612 2294; x_wconf 85' lang='lat' dir='ltr'><strong>super</strong></span> <span class='ocrx_word' id='word_1_102' title='bbox 633 2205 759 2273; x_wconf 81' lang='lat' dir='ltr'><strong>eadem</strong></span> <span class='ocrx_word' id='word_1_103' title='bbox 783 2203 933 2272; x_wconf 86' lang='lat' dir='ltr'><strong>materia</strong></span> <span class='ocrx_word' id='word_1_104' title='bbox 953 2210 1155 2277; x_wconf 89' lang='lat' dir='ltr'><strong>conclusum</strong></span> 
     </span>
    </p>
   </div>
   <div class='ocr_carea' id='block_1_4' title="bbox 104 2322 1154 2543">
    <p class='ocr_par' dir='ltr' id='par_1_4' title="bbox 104 2322 1154 2543">
     <span class='ocr_line' id='line_1_16' title="bbox 107 2322 1154 2423; baseline -0.006 -27"><span class='ocrx_word' id='word_1_105' title='bbox 107 2330 209 2423; x_wconf 78' lang='lat' dir='ltr'><strong>(pag.</strong></span> <span class='ocrx_word' id='word_1_106' title='bbox 242 2325 350 2423; x_wconf 89' lang='grc'><strong>109.)</strong></span> <span class='ocrx_word' id='word_1_107' title='bbox 376 2326 452 2393; x_wconf 89' lang='lat' dir='ltr'><strong>alta</strong></span> <span class='ocrx_word' id='word_1_108' title='bbox 482 2322 513 2395; x_wconf 75' lang='lat' dir='ltr'><strong>dt</strong></span> <span class='ocrx_word' id='word_1_109' title='bbox 542 2324 774 2417; x_wconf 84' lang='lat' dir='ltr'><strong>intelligibili</strong></span> <span class='ocrx_word' id='word_1_110' title='bbox 806 2347 906 2408; x_wconf 82' lang='lat' dir='ltr'><strong>voce,</strong></span> <span class='ocrx_word' id='word_1_111' title='bbox 929 2334 967 2395; x_wconf 90' lang='lat' dir='ltr'><strong>ut</strong></span> <span class='ocrx_word' id='word_1_112' title='bbox 1002 2333 1078 2418; x_wconf 83' lang='lat' dir='ltr'><strong>ejus</strong></span> <span class='ocrx_word' id='word_1_113' title='bbox 1104 2343 1154 2401; x_wconf 71' lang='lat' dir='ltr'><strong>te.</strong></span> 
     </span>
     <span class='ocr_line' id='line_1_17' title="bbox 104 2446 1153 2543; baseline 0.002 -25"><span class='ocrx_word' id='word_1_114' title='bbox 104 2471 172 2518; x_wconf 90' lang='lat' dir='ltr'><strong>nor</strong></span> <span class='ocrx_word' id='word_1_115' title='bbox 203 2449 382 2516; x_wconf 89' lang='lat' dir='ltr'><strong>neminem</strong></span> <span class='ocrx_word' id='word_1_116' title='bbox 406 2446 649 2515; x_wconf 88' lang='lat' dir='ltr'><strong>verisimiliter</strong></span> <span class='ocrx_word' id='word_1_117' title='bbox 684 2446 796 2513; x_wconf 88' lang='lat' dir='ltr'><strong>latere</strong></span> <span class='ocrx_word' id='word_1_118' title='bbox 830 2450 945 2538; x_wconf 85' lang='lat' dir='ltr'><strong>possit</strong></span> <span class='ocrx_word' id='word_1_119' title='bbox 972 2451 1019 2520; x_wconf 88' lang='lat' dir='ltr'><strong>dc</strong></span> <span class='ocrx_word' id='word_1_120' title='bbox 1042 2452 1153 2543; x_wconf 82' lang='lat' dir='ltr'><strong>magi·</strong></span> 
     </span>
    </p>
   </div>
   <div class='ocr_carea' id='block_1_5' title="bbox 97 2569 1152 3614">
    <p class='ocr_par' dir='ltr' id='par_1_5' title="bbox 97 2569 1152 3614">
     <span class='ocr_line' id='line_1_18' title="bbox 106 2569 1150 2661; baseline 0.005 -21"><span class='ocrx_word' id='word_1_121' title='bbox 106 2570 212 2650; x_wconf 82' lang='lat' dir='ltr'><strong>stris3</strong></span> <span class='ocrx_word' id='word_1_122' title='bbox 238 2580 364 2661; x_wconf 87' lang='lat' dir='ltr'><strong>postea</strong></span> <span class='ocrx_word' id='word_1_123' title='bbox 384 2569 480 2635; x_wconf 91' lang='lat' dir='ltr'><strong>idem</strong></span> <span class='ocrx_word' id='word_1_124' title='bbox 501 2570 659 2639; x_wconf 84' lang='lat' dir='ltr'><strong>dominus</strong></span> <span class='ocrx_word' id='word_1_125' title='bbox 686 2570 836 2638; x_wconf 88' lang='lat' dir='ltr'><strong>decanus</strong></span> <span class='ocrx_word' id='word_1_126' title='bbox 854 2573 980 2642; x_wconf 85' lang='lat' dir='ltr'><strong>sedens</strong></span> <span class='ocrx_word' id='word_1_127' title='bbox 1011 2575 1051 2644; x_wconf 89' lang='lat' dir='ltr'><strong>in</strong></span> <span class='ocrx_word' id='word_1_128' title='bbox 1073 2578 1150 2645; x_wconf 86' lang='lat' dir='ltr'><strong>loco</strong></span> 
     </span>
     <span class='ocr_line' id='line_1_19' title="bbox 106 2691 1150 2784; baseline 0.01 -24"><span class='ocrx_word' id='word_1_129' title='bbox 106 2715 171 2761; x_wconf 88' lang='lat' dir='ltr'><strong>suo</strong></span> <span class='ocrx_word' id='word_1_130' title='bbox 199 2701 301 2758; x_wconf 83' lang='lat' dir='ltr'><strong>vocet</strong></span> <span class='ocrx_word' id='word_1_131' title='bbox 334 2691 490 2780; x_wconf 83' lang='lat' dir='ltr'><strong>singulos</strong></span> <span class='ocrx_word' id='word_1_132' title='bbox 512 2691 702 2782; x_wconf 85' lang='lat' dir='ltr'><strong>magistros</strong></span> <span class='ocrx_word' id='word_1_133' title='bbox 726 2705 932 2784; x_wconf 84' lang='lat' dir='ltr'><strong>praesentes</strong></span> <span class='ocrx_word' id='word_1_134' title='bbox 963 2698 1150 2770; x_wconf 87' lang='lat' dir='ltr'><strong>secundum</strong></span> 
     </span>
     <span class='ocr_line' id='line_1_20' title="bbox 106 2800 1150 2912; baseline 0.008 -30"><span class='ocrx_word' id='word_1_135' title='bbox 106 2834 224 2884; x_wconf 89' lang='lat' dir='ltr'><strong>eorum</strong></span> <span class='ocrx_word' id='word_1_136' title='bbox 252 2811 406 2891; x_wconf 89' lang='lat' dir='ltr'><strong>senium,</strong></span> <span class='ocrx_word' id='word_1_137' title='bbox 438 2805 702 2881; x_wconf 74' lang='lat' dir='ltr'><strong>&amp;summando</strong></span> <span class='ocrx_word' id='word_1_138' title='bbox 726 2802 891 2886; x_wconf 88' lang='lat' dir='ltr'><strong>statutum</strong></span> <span class='ocrx_word' id='word_1_139' title='bbox 920 2800 1150 2912; x_wconf 46' lang='lat' dir='ltr'><strong>praee&#39;xpres*</strong></span> 
     </span>
     <span class='ocr_line' id='line_1_21' title="bbox 97 2932 1151 3021; baseline 0.003 -22"><span class='ocrx_word' id='word_1_140' title='bbox 97 2946 180 3001; x_wconf 75' lang='lat' dir='ltr'><strong>‘sum</strong></span> <span class='ocrx_word' id='word_1_141' title='bbox 195 2940 341 3020; x_wconf 86' lang='lat' dir='ltr'><strong>quaerat</strong></span> <span class='ocrx_word' id='word_1_142' title='bbox 364 2955 385 3000; x_wconf 88' lang='lat' dir='ltr'><strong>a</strong></span> <span class='ocrx_word' id='word_1_143' title='bbox 403 2932 565 3021; x_wconf 90' lang='lat' dir='ltr'><strong>quolibet</strong></span> <span class='ocrx_word' id='word_1_144' title='bbox 588 2933 626 3000; x_wconf 93' lang='lat' dir='ltr'><strong>in</strong></span> <span class='ocrx_word' id='word_1_145' title='bbox 646 2935 865 3004; x_wconf 88' lang='lat' dir='ltr'><strong>conscientia</strong></span> <span class='ocrx_word' id='word_1_146' title='bbox 890 2961 960 3020; x_wconf 87' lang='lat' dir='ltr'><strong>sua,</strong></span> <span class='ocrx_word' id='word_1_147' title='bbox 976 2941 1009 3007; x_wconf 86' lang='lat' dir='ltr'><strong>si</strong></span> <span class='ocrx_word' id='word_1_148' title='bbox 1027 2946 1080 3014; x_wconf 87' lang='lat' dir='ltr'><strong>sio</strong></span> <span class='ocrx_word' id='word_1_149' title='bbox 1102 2946 1151 3015; x_wconf 86' lang='lat' dir='ltr'><strong>fe.</strong></span> 
     </span>
     <span class='ocr_line' id='line_1_22' title="bbox 105 3053 1150 3156; baseline 0.008 -35"><span class='ocrx_word' id='word_1_150' title='bbox 105 3055 208 3136; x_wconf 90' lang='lat' dir='ltr'><strong>cerit,</strong></span> <span class='ocrx_word' id='word_1_151' title='bbox 228 3055 317 3124; x_wconf 88' lang='lat' dir='ltr'><strong>sicut</strong></span> <span class='ocrx_word' id='word_1_152' title='bbox 339 3053 376 3122; x_wconf 93' lang='lat' dir='ltr'><strong>in</strong></span> <span class='ocrx_word' id='word_1_153' title='bbox 396 3056 463 3123; x_wconf 90' lang='lat' dir='ltr'><strong>illo</strong></span> <span class='ocrx_word' id='word_1_154' title='bbox 490 3063 620 3124; x_wconf 86' lang='lat' dir='ltr'><strong>statuto</strong></span> <span class='ocrx_word' id='word_1_155' title='bbox 647 3065 701 3123; x_wconf 90' lang='lat' dir='ltr'><strong>est</strong></span> <span class='ocrx_word' id='word_1_156' title='bbox 726 3069 983 3150; x_wconf 85' lang='lat' dir='ltr'><strong>expressatum,</strong></span> <span class='ocrx_word' id='word_1_157' title='bbox 1005 3057 1038 3135; x_wconf 58' lang='lat' dir='ltr'><strong><em>k</em></strong></span> <span class='ocrx_word' id='word_1_158' title='bbox 1058 3069 1150 3156; x_wconf 80' lang='lat' dir='ltr'><strong>qnod</strong></span> 
     </span>
     <span class='ocr_line' id='line_1_23' title="bbox 102 3177 1152 3279; baseline 0.013 -35"><span class='ocrx_word' id='word_1_159' title='bbox 102 3177 289 3245; x_wconf 88' lang='lat' dir='ltr'><strong>occasione</strong></span> <span class='ocrx_word' id='word_1_160' title='bbox 308 3178 454 3263; x_wconf 83' lang='lat' dir='ltr'><strong>alicujus</strong></span> <span class='ocrx_word' id='word_1_161' title='bbox 476 3178 621 3249; x_wconf 90' lang='lat' dir='ltr'><strong>illorum</strong></span> <span class='ocrx_word' id='word_1_162' title='bbox 642 3201 767 3248; x_wconf 84' lang='lat' dir='ltr'><strong>senon</strong></span> <span class='ocrx_word' id='word_1_163' title='bbox 790 3183 1063 3278; x_wconf 81' lang='lat' dir='ltr'><strong>absentaverit3</strong></span> <span class='ocrx_word' id='word_1_164' title='bbox 1096 3188 1152 3279; x_wconf 87' lang='lat' dir='ltr'><strong>qui</strong></span> 
     </span>
     <span class='ocr_line' id='line_1_24' title="bbox 104 3297 1150 3396; baseline 0.016 -33"><span class='ocrx_word' id='word_1_165' title='bbox 104 3297 249 3379; x_wconf 87' lang='lat' dir='ltr'><strong>dixerit,</strong></span> <span class='ocrx_word' id='word_1_166' title='bbox 270 3299 367 3388; x_wconf 91' lang='lat' dir='ltr'><strong>quod</strong></span> <span class='ocrx_word' id='word_1_167' title='bbox 389 3301 450 3378; x_wconf 87' lang='lat' dir='ltr'><strong>sic,</strong></span> <span class='ocrx_word' id='word_1_168' title='bbox 470 3300 516 3367; x_wconf 92' lang='lat' dir='ltr'><strong>ad</strong></span> <span class='ocrx_word' id='word_1_169' title='bbox 535 3300 748 3369; x_wconf 88' lang='lat' dir='ltr'><strong>electionem</strong></span> <span class='ocrx_word' id='word_1_170' title='bbox 761 3304 996 3396; x_wconf 82' lang='lat' dir='ltr'><strong>admittatur3</strong></span> <span class='ocrx_word' id='word_1_171' title='bbox 1020 3310 1050 3376; x_wconf 89' lang='lat' dir='ltr'><strong>si</strong></span> <span class='ocrx_word' id='word_1_172' title='bbox 1072 3332 1150 3392; x_wconf 89' lang='lat' dir='ltr'><strong>non,</strong></span> 
     </span>
     <span class='ocr_line' id='line_1_25' title="bbox 104 3400 1151 3519; baseline 0.012 -33"><span class='ocrx_word' id='word_1_173' title='bbox 104 3419 174 3487; x_wconf 73' lang='lat' dir='ltr'><strong>nisi</strong></span> <span class='ocrx_word' id='word_1_174' title='bbox 194 3422 381 3491; x_wconf 76' lang='lat' dir='ltr'><strong>aliacama</strong></span> <span class='ocrx_word' id='word_1_175' title='bbox 399 3421 623 3489; x_wconf 68' lang='lat' dir='ltr'><strong>rationabilis</strong></span> <span class='ocrx_word' id='word_1_176' title='bbox 648 3423 773 3505; x_wconf 75' lang='lat' dir='ltr'><strong>suasa,</strong></span> <span class='ocrx_word' id='word_1_177' title='bbox 791 3427 872 3519; x_wconf 78' lang='lat' dir='ltr'><strong>ipso</strong></span> <span class='ocrx_word' id='word_1_178' title='bbox 890 3426 989 3498; x_wconf 68' lang='lat' dir='ltr'><strong>facto</strong></span> <span class='ocrx_word' id='word_1_179' title='bbox 1002 3400 1151 3499; x_wconf 58' lang='lat' dir='ltr'><strong>auerte</strong></span> 
     </span>
     <span class='ocr_line' id='line_1_26' title="bbox 104 3541 469 3614; baseline 0.011 -6"><span class='ocrx_word' id='word_1_180' title='bbox 104 3541 203 3614; x_wconf 85' lang='lat' dir='ltr'><strong>tione</strong></span> <span class='ocrx_word' id='word_1_181' title='bbox 226 3543 273 3610; x_wconf 89' lang='lat' dir='ltr'><strong>sit</strong></span> <span class='ocrx_word' id='word_1_182' title='bbox 297 3543 469 3613; x_wconf 84' lang='lat' dir='ltr'><strong>exclusus.</strong></span> 
     </span>
    </p>
   </div>
   <div class='ocr_carea' id='block_1_6' title="bbox 600 3689 664 3758">
    <p class='ocr_par' dir='ltr' id='par_1_6' title="bbox 600 3689 664 3758">
     <span class='ocr_line' id='line_1_27' title="bbox 600 3689 664 3758; baseline -0.016 0"><span class='ocrx_word' id='word_1_183' title='bbox 600 3689 664 3758; x_wconf 70' lang='lat'><strong>26.</strong></span> 
     </span>
    </p>
   </div>
   <div class='ocr_carea' id='block_1_7' title="bbox 95 3784 1151 4161">
    <p class='ocr_par' dir='ltr' id='par_1_7' title="bbox 95 3784 1151 4161">
     <span class='ocr_line' id='line_1_28' title="bbox 95 3784 1151 3917; baseline 0.001 -31"><span class='ocrx_word' id='word_1_184' title='bbox 95 3804 167 3887; x_wconf 82' lang='lat' dir='ltr'><strong>&#39;De</strong></span> <span class='ocrx_word' id='word_1_185' title='bbox 193 3822 308 3912; x_wconf 83' lang='lat' dir='ltr'><strong>poena</strong></span> <span class='ocrx_word' id='word_1_186' title='bbox 333 3809 671 3884; x_wconf 77' lang='lat' dir='ltr'><strong>contravenientium</strong></span> <span class='ocrx_word' id='word_1_187' title='bbox 699 3825 865 3887; x_wconf 79' lang='lat' dir='ltr'><strong>statuto:</strong></span> <span class='ocrx_word' id='word_1_188' title='bbox 899 3784 998 3917; x_wconf 72' lang='lat' dir='ltr'><strong>quod</strong></span> <span class='ocrx_word' id='word_1_189' title='bbox 1015 3834 1086 3890; x_wconf 79' lang='lat' dir='ltr'><strong>non</strong></span> <span class='ocrx_word' id='word_1_190' title='bbox 1107 3804 1151 3887; x_wconf 81' lang='lat' dir='ltr'><strong>le·</strong></span> 
     </span>
     <span class='ocr_line' id='line_1_29' title="bbox 327 3932 1134 4038; baseline 0.009 -34"><span class='ocrx_word' id='word_1_191' title='bbox 327 3951 443 4036; x_wconf 77' lang='lat' dir='ltr'><strong>gutur</strong></span> <span class='ocrx_word' id='word_1_192' title='bbox 467 3934 568 4010; x_wconf 81' lang='lat' dir='ltr'><strong>intra</strong></span> <span class='ocrx_word' id='word_1_193' title='bbox 589 3932 666 4012; x_wconf 81' lang='lat' dir='ltr'><strong>‘dies</strong></span> <span class='ocrx_word' id='word_1_194' title='bbox 691 3939 929 4013; x_wconf 83' lang='lat' dir='ltr'><strong>vacationum.</strong></span> <span class='ocrx_word' id='word_1_195' title='bbox 1130 4031 1134 4038; x_wconf 26' lang='grc' dir='ltr'>Ι</span> 
     </span>
     <span class='ocr_line' id='line_1_30' title="bbox 203 4057 1149 4161; baseline 0.012 -36"><span class='ocrx_word' id='word_1_196' title='bbox 203 4057 311 4127; x_wconf 84' lang='lat' dir='ltr'><strong>Anno</strong></span> <span class='ocrx_word' id='word_1_197' title='bbox 334 4060 481 4130; x_wconf 87' lang='lat' dir='ltr'><strong>Domini</strong></span> <span class='ocrx_word' id='word_1_198' title='bbox 502 4059 614 4140; x_wconf 79' lang='lat'><strong>1405.</strong></span> <span class='ocrx_word' id='word_1_199' title='bbox 638 4066 675 4135; x_wconf 90' lang='lat' dir='ltr'><strong>in</strong></span> <span class='ocrx_word' id='word_1_200' title='bbox 698 4067 871 4136; x_wconf 88' lang='lat' dir='ltr'><strong>decanatu</strong></span> <span class='ocrx_word' id='word_1_201' title='bbox 889 4087 987 4161; x_wconf 80' lang='lat' dir='ltr'><strong>mag,</strong></span> <span class='ocrx_word' id='word_1_202' title='bbox 1015 4062 1149 4158; x_wconf 69' lang='lat' dir='ltr'><strong>ongo</strong></span> 
     </span>
    </p>
   </div>
   <div class='ocr_carea' id='block_1_8' title="bbox 0 0 1357 4732">
    <p class='ocr_par' dir='ltr' id='par_1_8' title="bbox 0 0 1357 4732">
     <span class='ocr_line' id='line_1_31' title="bbox 0 0 1357 4732; baseline 0 0"><span class='ocrx_word' id='word_1_203' title='bbox 0 0 1357 4732; x_wconf 95' lang='lat' dir='ltr'><strong> </strong></span> 
     </span>
    </p>
   </div>
  </div>
 </body>
</html>
