2700 4732
101 222 168 291 106

205 409 298 479 Item
331 412 394 481 29.
429 410 487 475 dic
530 398 662 471 rnensis
699 398 912 471 Novembris
944 404 1075 477 Petrus
1107 412 1146 481 de

109 531 256 607 Thorin
280 528 358 603 det.
380 528 443 593 snb
467 546 565 615 mag.
586 518 779 593 Matthaeo
799 520 846 587 dc
859 524 1104 623 Aula-regia.

203 652 296 721 Item
315 654 353 721 6.
379 649 438 716 die
456 646 584 716 mensis
596 642 803 715 Decembris
815 644 978 717 Mathias
998 652 1046 721 cle
1065 656 1148 725 Por.

31 836 35 843 .
109 776 228 858 aonia,
245 770 423 841 etPaulns
447 768 493 835 de
516 770 676 835 Daczuns
696 764 787 833 dett.
813 768 875 834 sub
895 764 986 863 mag.
1008 773 1147 855 Alexio,

208 896 300 963 ltem
329 896 366 971 8.
389 891 448 959 (lic
472 889 598 959 mensis
620 885 791 957 Octobris
807 889 984 983 Nemyrus
1005 896 1148 971 chro-

114 1019 202 1088 deca
228 1018 301 1092 det.
325 1018 385 1083 sub
409 1036 506 1105 mag.
528 1012 672 1081 Alexio.

209 1138 301 1206 ltem
323 1140 383 1209 12.
407 1136 466 1203 die
486 1134 612 1201 mensis
634 1134 841 1203 Decembris
852 1136 979 1208 Petrus
1004 1142 1050 1209 de
1063 1143 1148 1215 vrb.

113 1258 160 1325 ka
180 1260 244 1325 sub
267 1280 358 1349 mag.
381 1256 439 1325 Jo.
459 1254 504 1320 de
524 1254 776 1343 Naussyedlicz
798 1257 1066 1341 determinavit,
1131 1349 1134 1356 Ι

209 1379 304 1446 Item
343 1378 406 1455 16.
438 1375 497 1443 die
530 1376 657 1443 mensis
686 1376 894 1449 Decembris
914 1354 1086 1455 Nicolaus
1108 1388 1148 1455 ric

116 1506 268 1576 Medlav
293 1503 357 1571 sub
376 1523 469 1593 mag.
494 1502 554 1571 Jo.
577 1501 622 1569 de
640 1498 898 1589 Namyenticr
921 1503 993 1571 ciet.

212 1626 304 1694 Item
335 1626 397 1695 10.
428 1622 488 1691 die
528 1621 659 1690 mensis
689 1623 897 1692 Decembris
923 1627 1081 1699 «loannes
1109 1632 1150 1700 de

120 1744 278 1817 Wlhlaw
298 1746 360 1812 sub
384 1767 479 1835 mag.
504 1744 643 1811 Joanne
667 1741 712 1811 de
733 1742 936 1833 Hussynecz
958 1744 1034 1821 det.

210 1870 303 1937 ltem
329 1870 364 1937 6.
381 1867 439 1935 die
458 1871 587 1933 mensis
598 1866 806 1936 Decembris
818 1846 969 1936 Mathias
989 1869 1036 1935 de
1059 1873 1154 1943 Poz.

114 1991 221 2061 uonia
238 1990 301 2056 snb
322 2011 416 2079 mag.
440 1986 571 2055 Alexio
589 1987 661 2055 rlet.

211 2108 303 2175 Item
337 2111 400 2179 22.
429 2104 486 2172 die
517 2107 646 2175 mensis
677 2106 881 2176 Decembris
909 2106 1091 2180 Jaroslaus
1115 2114 1154 2181 de

119 2228 321 2318 Kowalsky
342 2229 404 2295 sub
424 2249 513 2318 mag.
534 2227 664 2295 Alexio
686 2229 762 2301 det.

215 2354 309 2421 Item
341 2349 399 2422 15.
422 2353 482 2419 dic
506 2352 633 2418 mensis
666 2353 870 2424 Decembris
889 2353 1095 2427 Demetrius
1116 2362 1153 2429 de

19 2556 23 2563 .
122 2473 261 2547 Czesorl
282 2476 348 2539 sub
367 2494 461 2562 mag.
481 2470 627 2539 Simone
654 2473 699 2540 dc
720 2476 896 2563 'symon
921 2474 1000 2553 det.

217 2596 335 2671 Anno,
354 2615 424 2681 ‹pn›
453 2615 567 2681 snpra,
601 2594 835 2661 existentibus
861 2599 1152 2669 examinatoribus

121 2739 188 2809 per
211 2713 417 2781 facultatem
444 2713 569 2778 electis
600 2738 667 2808 pro
687 2716 846 2784 examine
868 2720 1150 2791 baccalarianrlo·

121 2861 220 2920 rurn,
246 2835 342 2925 quod
361 2838 454 2901 solet
481 2834 563 2901 ficri
586 2839 623 2903 in
649 2848 794 2924 quatuor
825 2844 1045 2933 temporibus
1073 2854 1151 2909 ante

120 2959 251 3027 festum
276 2959 481 3035 nativitati«,
509 2957 639 3026 ‹tecano
659 2959 867 3047 facultatis,
889 2986 987 3055 mag.
1018 2966 1150 3035 Mathia

123 3084 165 3151 de
191 3083 309 3151 Aula·
326 3083 432 3171 regia,
466 3105 559 3172 rrrag.
584 3084 761 3175 Procopio
788 3085 834 3153 ‹le
858 3086 1034 3174 cladrub,
1065 3110 1151 3179 mag·

122 3206 273 3275 Nicolao
305 3206 349 3272 de
377 3205 594 3293 Milyczpn,
618 3228 712 3297 mag.
739 3208 911 3297 Styborio
937 3211 984 3277 de
1015 3214 1151 3281 Radecz

122 3326 262 3394 adrnissi
279 3325 416 3394 fuerunt
431 3327 475 3394 ad
494 3328 639 3419 gradum
662 3331 911 3399 baccalariatus
936 3332 1033 3403 infra
1052 3336 1153 3429 scrip·

124 3452 155 3515 ti
173 3449 363 3515 secundum
387 3448 481 3517 hanc
503 3453 688 3519 onlincrnt
718 3452 864 3521 Ulricus
884 3453 929 3521 de
949 3458 1047 3544 Tyn,
1074 3458 1151 3525 Pro·

123 3571 244 3663 eopius
271 3571 316 3637 de
346 3576 481 3665 Praga,
517 3575 698 3642 Laclislaus
729 3576 773 3643 de
792 3577 914 3667 Czap,
956 3578 1086 3649 Petrus
1115 3578 1152 3645 cle

124 3693 258 3787 Spinis,
297 3695 501 3763 Marcolrius
528 3697 572 3763 de
601 3696 900 3795 Zbraczlawyczp
931 3697 1091 3768 Joannes
1118 3698 1155 3767 de

123 3818 264 3900 Cranno,
290 3816 444 3884 Joannes
475 3819 519 3885 de
540 3819 667 3904 chus,
694 3821 871 3888 Henricus
901 3821 946 3889 de
970 3820 1155 3893 Glatowir.

125 3942 276 4009 Joarnres
298 3940 341 4006 de
362 3940 559 4024 Ban‘orow‚
585 3942 791 4013 Laurentius
821 3943 866 4011 de
892 3942 1156 4032 Glossemburg.

125 4064 301 4132 Fabianus
324 4063 368 4129 de
392 4065 426 4132 T
427 4064 570 4140 rnawia.
593 4057 732 4157 (1)(111.
