2714 4740
147 204 214 280 208

288 364 537 537 Decccutur
558 452 679 539 mag,
699 388 1079 531 Nicolai'Beycr,

156 574 289 722 Anno
310 646 460 727 Domini
479 642 598 727 Ι1890.
623 638 685 709 16.
716 635 781 739 die·
796 634 925 703 mensis
943 630 1115 729 Aprilis,
1142 644 1216 725 ega

156 744 473 861 Nicolans'Beyer,
495 785 592 857 mag.
612 766 652 831 in
677 758 827 841 artibus,
843 754 898 823 tri
925 754 1070 825 electus
1088 752 1130 823 in
1153 754 1211 823 ‹le-

159 884 285 968 canum
310 889 490 963 facultatis
510 859 654 955 artium
668 879 776 951 studii
800 878 993 971 Pragenris
1015 874 1211 947 secundum

158 1022 320 1087 tenorem
344 1018 552 1082 statutorum
575 986 757 1073 facultatis
775 1012 891 1092 'snpra
916 997 1055 1071 dictac.
1128 1012 1139 1021 ·

257 1139 364 1209 Anno
380 1130 525 1205 Domini
539 1125 669 1197 eodem
688 1124 747 1195 18.
768 1122 827 1191 die
838 1118 981 1207 mensis,
999 1142 1072 1211 quc
1086 1128 1213 1217 stupra,¹

163 1254 276 1332 electi
296 1257 435 1327 fuerunt
455 1251 540 1322 novi
566 1248 777 1318 collectores
807 1244 1037 1339 pecuniarum
1066 1240 1214 1313 inculta·

164 1380 227 1461 tir,
248 1378 414 1448 sciliceta
442 1393 540 1465 mag.
562 1363 852 1441 «ioan-Himeuer
870 1373 907 1435 et
925 1386 1023 1461 mag.
1036 1364 1215 1441 Henricuc

164 1501 367 1592 Hcmberg.
944 1495 949 1507 '

260 1626 367 1695 Anno
378 1620 522 1694 Domini
544 1618 670 1689 ecdem
694 1638 814 1686 mense
852 1623 889 1684 et
907 1613 979 1699 die,
1003 1613 1135 1705 qulbus
1157 1632 1216 1685 tu·

166 1769 247 1842 pra,
275 1745 438 1839 deputati
452 1744 593 1816 fuerunt
610 1762 795 1810 assessores
814 1737 860 1807 ad
878 1736 1097 1810 audiendum
1117 1746 1215 1810 ccm-

168 1877 299 1962 putnm·
316 1867 544 1959 pecuniarum
566 1863 755 1959 facultatis,
781 1861 863 1938 scil.
884 1884 985 1955 mag.
1000 1862 1101 1935 Jcan.
1123 1860 1216 1933 Hil-

171 1988 326 2084 densym
346 1996 382 2057 st
400 2012 498 2080 mag.
521 1986 694 2056 Nicolaus
715 1986 891 2079 Prowyn,

266 2114 373 2183 Anno
392 2119 430 2180 at
449 2112 508 2178 die
527 2110 666 2193 mensis,
687 2111 811 2199 quibus
829 2130 945 2202 supra,
964 2107 1136 2205 deputati
1148 2110 1219 2181 lra-

173 2239 258 2308 runt
277 2243 425 2322 quatuor
452 2233 547 2324 mgri
570 2234 616 2302 de
652 2241 805 2321 quatuor
828 2231 1035 2301 nationibus
1059 2234 1109 2303 ad
1132 2236 1220 2305 ulan·

175 2356 260 2424 dam
290 2354 475 2423 licentiam
494 2353 642 2444 legendi
671 2353 709 2419 in
728 2352 890 2447 privato,
909 2362 946 2420 et
967 2354 1012 2424 ad
1038 2359 1221 2449 corrigen-

176 2476 262 2545 dum
272 2476 395 2545 literas
412 2475 544 2545 dandas
556 2497 622 2566 per
633 2474 854 2558 facultatem,
869 2456 931 2542 'illi
943 2475 1106 2553 sciliceta
1126 2502 1224 2571 mag.

174 2594 339 2664 Andreas
373 2598 417 2666 de
446 2595 568 2665 Bscda
595 2594 641 2662 de
680 2601 823 2665 natione
854 2596 1096 2685 Boemcrnm,
1123 2622 1222 2693 mag.

175 2717 301 2785 Petrus
322 2714 475 2785 Raddin
496 2717 541 2784 de
558 2717 701 2785 natione
724 2719 961 2807 Polonorum,
985 2724 1085 2811 mag'.
1113 2720 1230 2793 Joaa

175 2859 237 2906 nes
259 2839 377 2907 Arsen
402 2837 449 2906 de
465 2839 608 2907 natione
621 2839 848 2926 Bavarcrum,
875 2852 912 2911 et
928 2863 1023 2933 mag.
1045 2840 1228 2915 christia·

176 2980 242 3057 nus
261 2959 306 3028 de
322 2960 591 3053 chsembcrch
609 2964 654 3031 ‹le
670 2963 811 3031 natione
835 2960 1028 3051 Saxonum.

271 3081 366 3151 Item
392 3106 485 3152 anno
511 3084 760 3172 hominique
789 3108 907 3179 supra,
926 3087 986 3160 24.
1013 3090 1076 3159 die
1095 3094 1230 3163 menna

177 3203 273 3288 Maji
297 3226 366 3295 pra
385 3205 559 3289 exertius,
585 3205 679 3294 quod
699 3205 845 3275 solitum
869 3218 925 3276 est
950 3208 1033 3279 lieri
1054 3212 1157 3285 circa
1176 3214 1230 3287 fc·

178 3329 270 3388 atum
281 3323 486 3410 Trinitatis,
503 3327 611 3393 electi
624 3326 766 3394 fuerunt
776 3334 923 3417 quatuor
934 3330 1085 3420 mgride
1101 3336 1233 3413 tingri.

179 3441 324 3511 onibus:
350 3443 396 3510 de
421 3448 563 3514 natione
578 3447 787 3517 Boemcrunr
812 3472 906 3540 mag.
929 3451 1167 3527 Hermannnr
1184 3456 1231 3527 (le

177 3559 337 3653 Crudyn,
362 3582 463 3658 mag.⁴
477 3569 583 3640 Joan.
606 3567 894 3662 deHildensym,
918 3595 1013 3663 mag.
1034 3576 1233 3651 Joarr.A1·.

97 3739 100 3746 .
176 3686 230 3753 sin
248 3693 284 3754 ct
302 3709 396 3777 mag.
416 3686 581 3758 Nicolaus'
602 3689 812 3774 Czobecicz,
833 3694 897 3782 qui
920 3694 1146 3769 admiserunt
1173 3701 1229 3771 in.

176 3805 233 3875 fra
248 3811 399 3900 scriptos
410 3810 603 3879 secundum
620 3813 781 3883 ordinem
793 3827 1000 3905 sequentem
1014 3835 1027 3895 ε
1052 3819 1230 3913 Gctrwy·

175 3945 239 3994 nna
261 3926 552 4025 cheynsberg,
578 3931 790 4006 Fredericns
803 3933 967 4019 Germar,
991 3936 1168 4013 Siluester
1181 3940 1230 4009 dc
