2700 4732
109 238 169 328 n·

108 438 165 528 cul
188 446 461 544 magistrorum,
486 442 547 535 qul
564 439 765 528 examinet,
801 418 926 514 sirint
950 440 1049 514 dicta
1070 437 1168 525 isti„

106 595 165 656 us,
192 574 246 644 cui
264 571 531 655 adscribuntur,
556 588 601 635 an
623 566 731 637 etiam
750 566 821 637 sint
840 576 1001 642 correcta
1022 590 1036 659 ς
1064 572 1150 641 olm·

107 697 196 795 pler
214 718 298 767 sero
310 693 482 763 scholaris
493 688 587 797 nihil
597 686 724 760 audeat
737 691 970 797 pronuntiare
982 694 1048 763 sub
1060 716 1149 795 poc·
1166 770 1173 785 κ

106 845 152 890 na
165 817 375 913 privationis
393 815 604 894 lectionum,
634 822 671 881 et
686 814 891 882 resectionis
914 836 935 881 a
952 818 1148 886 communi-
1165 806 1170 817 ¹

106 951 180 1008 tate
199 936 389 1018 facultatis,
409 935 476 1002 nisi
497 938 542 1005 ab
563 933 683 1023 aliquo
709 936 959 1026 magistrorum
977 934 1086 1017 fuerit
1103 936 1152 1019 ad

105 1061 174 1131 hoc
199 1059 427 1139 mustitanis,
454 1060 550 1144 cujus
574 1056 717 1126 nomine
741 1058 947 1149 pronuntiet
975 1081 1033 1144 ea,
1050 1080 1151 1151 ¹quac

105 1211 126 1256 a
151 1185 325 1277 magistro
346 1181 480 1252 fuerint
505 1180 573 1248 sibi
602 1187 829 1272 praesentata
854 1188 890 1249 et
920 1168 1150 1272 praecorreos

105 1318 156 1377 ta.
199 1307 305 1374 Hanc
337 1328 423 1397 ergo
445 1302 736 1373 constitutionem
764 1325 885 1372 omnes
914 1278 1080 1395 magistri
1112 1294 1178 1384 ct'

106 1424 301 1499 baccalarli
329 1431 404 1516 jam
434 1427 626 1495 existentes
652 1447 719 1517 per
749 1427 949 1512 juramenta
964 1400 1152 1518 'praestita

105 1551 268 1621 tideliter
295 1551 553 1634 observabunt,
588 1548 696 1618 futuri
719 1570 854 1638 quoque
882 1547 1068 1627 eandem
1054 1572 1150 1635 June-

105 1677 192 1746 bunt
214 1675 425 1754 observare,
454 1672 505 1739 ita
527 1693 699 1775 semper,
732 1678 771 1738 ut
791 1670 908 1739 nullus
930 1672 1151 1770 pronuntiet,

104 1795 163 1861 vel
183 1793 294 1860 faciat
314 1792 563 1884 pronuntiari,
591 1799 689 1858 extra
709 1790 843 1859 limites
863 1790 1056 1874 facultatis,
1081 1813 1148 1884 pc·

104 1922 233 1994 testate
260 1923 379 1985 tamen
399 1912 555 1981 addendi
581 1912 642 1980 vel
671 1912 850 1982 minuendi
875 1915 949 1984 vel
968 1914 1142 1999 mutandi,

104 2039 135 2104 si
154 2037 330 2110 videbitur
352 2035 541 2127 aliquando
569 2034 762 2128 expedire,
801 2035 919 2126 utiquc
944 2044 1141 2114 reservata.

198 2158 292 2226 Item
321 2160 446 2229 eodem
478 2181 568 2226 anno
595 2133 632 2225 in
667 2158 796 2250 vigilia
833 2158 1033 2227 nativitatis
1063 2160 1149 2228 bea·

30 2338 33 2342 .
103 2288 162 2348 tac
189 2280 329 2356 Mariae
357 2280 519 2372 Virginis
553 2279 590 2347 in
629 2278 739 2384 plena
773 2280 1054 2372 congregatione
1095 2278 1168 2385 fas·

104 2402 248 2470 cultatis
276 2405 441 2496 magistri
474 2402 759 2487 considerantes,
786 2403 882 2492 quod
901 2427 973 2473 non
1003 2402 1150 2497 expedi·

104 2533 170 2604 ret,
198 2525 394 2610 quemlibet
414 2534 600 2616 regentem
619 2524 779 2616 incipere
802 2526 998 2615 quemlibet
1016 2502 1150 2621 librum

105 2643 267 2730 quolibet
292 2656 453 2738 ternpore
473 2647 742 2730 indifferenter,
768 2648 861 2736 quod
884 2669 929 2715 ex
946 2648 1017 2718 hcc
1042 2647 1145 2717 scho·

106 2764 199 2833 lares
226 2764 358 2834 fuerint
384 2767 533 2838 multum
562 2767 703 2853 discoli,
735 2792 807 2850 non
832 2771 1075 2850 continuantes
1103 2767 1176 2849 ll·'

106 2889 189 2956 bros
201 2936 212 2971 ,
240 2889 411 2974 scientes,
439 2889 531 2978 quod
553 2890 679 2970 iterum
697 2892 743 2968 ab
765 2893 847 2967 aliis
874 2894 947 2965 cito
972 2889 1149 2993 incipien-

106 3023 191 3103 tur3
221 3013 328 3082 etiam
346 3012 498 3102 quilibet
515 3013 629 3083 voluit
647 3016 774 3121 legere
790 3018 904 3093 libros
922 3014 1037 3109 magis
1053 3040 1149 3097 com·
1169 3020 1173 3029 '

106 3160 247 3222 munes,
282 3138 327 3206 nd
353 3160 437 3227 quos
458 3113 621 3206 crederet
649 3137 784 3208 habere
813 3141 935 3245 plures
957 3140 1147 3224 audientes,

108 3268 144 3323 et
169 3260 233 3324 sic
246 3258 349 3330 multi
377 3259 464 3326 libri
497 3259 754 3365 philosophiae
779 3270 815 3328 et
835 3262 986 3354 logicae
1010 3263 1146 3366 princi·

81 3376 208 3479 ¹pales
237 3381 616 3469 praetermittebamus
650 3405 719 3458 non
749 3383 874 3468 lecti3
917 3383 1025 3449 etiam
1055 3385 1149 3450 inter

107 3500 298 3590 tringistros
327 3484 443 3570 fiebat
475 3526 621 3587 rancor,
661 3514 697 3569 et
728 3502 862 3570 invidia
892 3515 1042 3606 propter
1065 3504 1147 3586 hoc,
1176 3510 1180 3519 ’

108 3623 204 3713 quod
225 3644 310 3690 uuus
338 3647 418 3704 cusu
442 3625 514 3698 alic
548 3626 779 3707 concurrebat
805 3627 844 3694 in
875 3625 1031 3716 legendo
1064 3650 1147 3699 euu-
1194 3643 1199 3655 ’

107 3751 190 3825 dem
207 3748 365 3819 librum:
394 3747 440 3815 ad
465 3746 701 3827 exclusionem
725 3752 879 3828 omnium
908 3749 1055 3823 istorum
1079 3759 1162 3821 sta·-¹

107 3880 247 3945 tuerunt
259 3917 270 3953 ,
309 3868 402 3957 quod
424 3867 573 3960 singulis
598 3869 699 3937 annis
724 3870 761 3937 in
793 3871 946 3940 crastino
976 3895 1003 3940 s.
1031 3871 1148 3947 Lucae

108 3991 264 4067 debeant
295 3988 409 4081 incipi
446 3988 492 4060 de
522 4011 614 4057 novo
647 3989 820 4059 lectiones
851 3991 1074 4076 ordinariae,
1111 4000 1149 4063 et
1176 4006 1183 4021 ’

108 4111 204 4202 quod
234 4085 385 4199 quilibet
418 4111 469 4180 sic
483 4157 485 4162 ,
500 4111 668 4204 dlsponat
699 4111 744 4180 de
771 4111 877 4191 libris
905 4114 1079 4203 antiquiS,
1103 4120 1146 4183 ui

99 4242 212 4303 'antea
240 4231 442 4323 finiantur3
469 4232 499 4305 si
522 4256 616 4309 tero
643 4234 771 4326 aliquis
790 4236 922 4316 librum
943 4257 1003 4307 seu
1033 4225 1148 4306 libros
1178 4252 1181 4259 ·
