2700 4732
114 322 160 390 aa
241 394 247 405 ,
945 310 1053 391 saur.
1073 300 1140 399 114„

116 520 269 591 minatus
283 509 456 601 iuerlt3si
471 529 555 580 uero
571 508 618 576 ab
634 505 760 579 ultimo
779 503 838 578 die
849 515 997 600 quatuor
1005 512 1169 602 Tempo-

115 663 195 710 rmn
218 632 517 730 praecedentium,
541 650 651 717 usquc
675 628 723 696 ad
742 629 898 722 primam
917 633 1012 701 diem
1030 632 1169 703 admis-

115 760 224 830 sionis
245 777 418 826 novorum
432 750 783 823 baccalariandorum
802 754 982 823 exclusive
1000 774 1072 827 non
1082 778 1169 849 pro·

114 891 230 952 motus
250 878 368 958 fuerit,
389 883 552 965 sequatur
571 874 609 943 in
626 868 754 942 ordine
775 880 898 943 omne's
909 900 978 969 pro
996 886 1083 946 tunc
1100 876 1167 947 ad-

113 1004 236 1072 missos
247 1023 314 1092 per
329 997 598 1065 examinatores.
625 994 719 1063 Item
741 995 777 1064 in
788 997 897 1088 plena
911 998 1167 1099 congregatio·

112 1147 159 1193 ne
192 1120 372 1192 facultatis
402 1126 569 1186 statutum
590 1117 679 1206 fnit,
707 1119 804 1207 quod
831 1117 1057 1191 scholaribus
1081 1124 1168 1215 post

114 1265 263 1312 examen
285 1241 490 1327 hujusmodi
511 1240 670 1310 admissis
693 1240 844 1310 deberet
865 1242 1030 1335 injungi,
1068 1234 1167 1333 qnod

112 1371 191 1443 toto
213 1373 398 1455 tempore,
426 1387 494 1453 quo
515 1387 585 1432 non
607 1365 871 1456 processerint,
899 1365 1164 1460 disputationes

112 1489 364 1578 magistrorum
385 1485 529 1553 visitare
556 1493 744 1555 tencantur
755 1536 767 1570 ,
793 1487 839 1555 ad
861 1487 1083 1581 sophismata
1106 1512 1163 1559 ro·

114 1605 289 1699 sponsuri,
315 1605 365 1674 sic
387 1604 581 1674 baccalarii
598 1607 643 1674 ad
666 1608 901 1696 quaestiones,
914 1618 951 1676 et
970 1608 1035 1679 sub
1051 1608 1165 1679 oonsi-

110 1728 193 1796 mili
220 1749 339 1822 poena
364 1752 431 1820 per
456 1726 666 1800 facultatem
687 1729 757 1816 eis,
783 1727 815 1802 si
839 1730 1070 1827 negligentes
1088 1730 1163 1807 lue-

110 1851 206 1940 rint,
239 1848 443 1936 indicenda,
469 1933 472 1939 r

258 2171 319 2252 De
342 2168 442 2250 modo
461 2169 694 2274 pronrooendi
718 2175 1019 2255 examinatorum.

209 2340 361 2428 Quando
383 2341 674 2413 baccalariandus
699 2342 776 2412 vult
801 2346 1021 2436 procedere,
1035 2349 1202 2449 ffl-

102 2470 187 2559 „ster
211 2484 288 2551 suus
309 2461 417 2528 debet
446 2462 513 2528 sibi
538 2486 741 2554 proponere
761 2487 867 2532 unum
888 2467 1089 2558 sophisma,
1114 2472 1160 2545 ad

111 2580 207 2669 quod
242 2581 478 2674 respondebit
505 2583 662 2663 sedendo
693 2607 773 2650 cum
803 2585 888 2651 aliis
923 2585 1158 2675 scholaribus,

113 2711 147 2768 et
171 2723 240 2768 non
261 2702 354 2768 inter
376 2701 617 2784 baccalarioS,
645 2713 682 2770 et
711 2704 749 2770 in
773 2705 946 2776 mantello
971 2730 1055 2792 suo,
1093 2733 1159 2780 neo

110 2825 280 2914 magister
306 2831 428 2890 contra
449 2825 719 2915 responsionem
739 2826 947 2916 replicabit.
1010 2828 1084 2900 lsta
1104 2856 1159 2903 re·

111 2944 305 3036 sponsione
328 2943 425 3012 facta
450 2944 608 3014 bidellus
631 2944 743 3012 faciat
764 2968 843 3012 eum
859 2969 1015 3038 surgere,
1036 2960 1075 3019 et
1095 2950 1159 3020 ba·
1191 3018 1201 3027 ,

108 3069 222 3138 bitum
253 3067 419 3152 induere,
446 3076 482 3135 et
504 3068 543 3135 in
561 3069 642 3136 loco
662 3069 942 3136 baccalariorum
960 3060 1098 3161 sedere,
1123 3080 1157 3143 et

110 3192 281 3281 magister
310 3200 491 3283 proponat
522 3191 591 3259 sibi
618 3192 884 3281 quaestionem,
911 3211 1017 3279 quam
1051 3193 1156 3265 debet

108 3311 259 3381 honesto
279 3313 532 3396 determinare,
562 3337 628 3402 quo
651 3314 747 3382 facto
769 3313 924 3384 bidellus
944 3312 1059 3384 faciat
1077 3337 1155 3386 eum

107 3435 229 3520 jurare
255 3433 325 3502 tria
354 3435 480 3502 ultima
510 3431 711 3522 juramenta
731 3458 836 3526 supra
854 3435 1010 3528 scripta,
1037 3437 1157 3513 etalio

107 3563 257 3640 statuta,
285 3565 322 3622 et
343 3556 546 3642 statuenda,
585 3567 621 3625 et
645 3565 730 3623 tunc
754 3557 924 3646 magister
947 3557 1061 3626 faciat
1081 3559 1155 3631 col.

105 3682 323 3754 locationem
344 3684 390 3754 de
416 3704 478 3769 eo,
511 3689 548 3751 et
567 3679 681 3780 ‘dabit
706 3679 776 3747 sibi
809 3679 961 3771 gradum
993 3680 1158 3755 baccala-

47 3805 238 3889 :asmtass

191 3978 215 4003 *a

215 4008 226 4055 's

225 4064 247 4175 l

242 4180 261 4319 l

255 4330 264 4375 l

259 4388 266 4439 ¹.
