2700 4732
132 278 214 399 'a¹
917 236 1196 361 ,cunam

136 469 366 557 faciendum,
399 465 482 543 ride
505 473 670 539 statutum
690 491 757 563 per
786 462 992 538 facultatem
1029 471 1188 536 erectum

136 595 174 662 in
194 595 369 664 decanatu
384 592 547 686 magistri
569 591 720 666 ioannis
742 592 787 661 de
814 590 970 666 Boeotia
993 611 1055 673 ac.
1072 580 1187 662 1416·

139 714 207 785 fol.
236 715 321 789 123.
342 709 386 812 ⁴¹)

36 933 45 946 θ
117 898 120 903 .
232 835 326 907 Item
355 836 528 928 quomodo
557 835 640 909 fieri
675 832 806 906 debeat
835 833 987 907 electio‘
1007 834 1185 909 examina·

138 966 255 1032 torum
278 960 408 1058 gradus
436 958 701 1045 baccalariatus,
732 960 814 1030 vide
845 959 909 1032 fol.
936 958 997 1030 88.
1020 957 1115 1031 facie
1134 954 1187 1031 al·

139 1090 227 1159 lora.
252 1081 361 1173 (serius
382 1082 537 1174 additam.)
679 1161 682 1172 ,

643 1229 683 1302 δι
863 1315 870 1329 .

205 1363 315 1476 Quod
333 1371 530 1446 exanrr'nati
547 1386 617 1470 pro
642 1362 888 1442 baccabrnru
916 1388 985 1442 non
1012 1355 1139 1468 debent

472 1493 598 1567 vocari
615 1508 683 1592 per
709 1484 864 1564 bidellos.

236 1631 331 1706 Item
355 1632 443 1708 sota
473 1637 532 1706 die
567 1637 697 1707 mensis
728 1632 953 1727 Septembris
984 1630 1187 1735 conclusum

141 1755 233 1838 fuit,
261 1759 352 1846 quod
374 1739 564 1832 examinati
577 1757 636 1848 **)
655 1782 722 1850 pro
742 1756 857 1849 gradu
873 1755 1134 1825 baccalariatus-
1149 1755 1187 1823 iu

142 1878 288 1960 artibuS,
305 1881 467 1970 magistri
493 1892 661 1971 protunc
687 1879 852 1972 deputati
877 1903 943 1970 per
969 1879 1186 1960 facultatem,

142 1999 232 2071 sicut
268 2003 409 2071 fuerunt
443 2004 552 2070 electi
589 2005 635 2072 ad
668 2001 941 2072 examinandum
976 2001 1086 2082 ilios,
1136 1997 1186 2066 sic

146 2124 255 2192 etiarn
286 2125 377 2211 quod
403 2126 597 2218 disponant
626 2124 783 2216 deipsis
813 2125 849 2189 in
881 2124 1043 2190 locorum
1066 2120 1185 2188 distri·

145 2243 311 2329 butione,
340 2257 376 2316 et
398 2248 463 2317 illa
483 2246 687 2317 distributio
709 2245 792 2313 fieri
818 2245 927 2311 debet
948 2243 1080 2328 absque
1104 2239 1186 2321 hoc,

146 2367 238 2454 quod
267 2369 461 2457 praecedat
484 2369 627 2438 illorum
657 2368 798 2437 vocatio
832 2389 898 2459 per
926 2364 1103 2445 bidellos,
1127 2386 1186 2432 ne·

144 2510 213 2576 que
246 2486 330 2556 fieri
371 2490 480 2560 debet
521 2513 588 2583 per
621 2490 791 2561 famulum
832 2487 976 2569 decani,
1019 2483 1083 2572 sed
1120 2483 1187 2552 fiat

143 2605 255 2685 ordo,
298 2617 334 2674 et
367 2609 455 2698 ipsis
489 2608 685 2704 assignetur
719 2633 785 2700 per
820 2609 1077 2677 examinatores
1110 2605 1185 2675 siue

144 2727 296 2816 speciali
333 2730 532 2800 vocatione.
586 2732 765 2800 Motivum
807 2733 1064 2823 magistrorum
1101 2736 1187 2809 erat,

145 2846 228 2930 quia
250 2847 280 2912 si
307 2848 439 2915 bidelli
470 2851 555 2919 illos
580 2861 768 2939 vocarent,
795 2862 878 2921 tunc
906 2853 1186 2947 fierent'eutor·

145 2967 259 3034 siones
291 2973 539 3061 pecuniariae,
578 2983 615 3041 et
655 2974 705 3041 sic
741 2997 915 3068 pauperes
948 2974 1187 3066 aggrarareu·

106 3066 115 3185 f
144 3103 228 3193 tur‚·
248 3101 284 3161 et
310 3116 449 3186 semper
473 3107 556 3189 post
578 3100 669 3167 tales
692 3101 895 3170 vocationes
929 3106 1187 3170 consueverunt

102 3186 110 3266 l

144 3215 248 3285 multi
279 3217 316 3287 in
341 3219 498 3309 collegio
528 3222 758 3311 congregari,
807 3231 845 3293 ut
888 3221 1078 3305 viderent,
1129 3220 1187 3312 qui

145 3335 198 3412 ibi
232 3339 521 3426 admitterentur,
557 3352 593 3412 et
624 3346 803 3431 quinon,
845 3343 1044 3414 etexinde
1075 3343 1188 3416 multa

145 3460 312 3532 seandala
345 3474 559 3549 evenerunt,
608 3465 690 3533 ideo
722 3466 787 3535 ille
827 3467 947 3538 modus
981 3467 1108 3537 debuit
1136 3468 1185 3534 sic

23 3676 26 3686 1
140 3582 304 3667 aboleri,
335 3583 405 3654 hoe
436 3584 504 3657 fuit
536 3597 619 3661 tunc
654 3588 700 3661 de
729 3588 982 3679 magistrorum
1030 3589 1212 3662 omnium·

1055 3682 1187 3705 mu...-

144 3707 343 3780 voiuntute.
368 3703 450 3794 ***)

153 3908 444 3927 p--u—-n——a-

184 3963 219 4041 ⁸⁸)
247 3969 382 4048 intellige
420 3967 528 4041 folium
557 3969 626 4028 libri
666 3973 851 4037 decanorum.
899 3976 937 4030 vi
967 3981 1063 4032 statuti
1091 3984 1185 4031 autem

224 4071 334 4132 laudati
352 4073 485 4137 standum
506 4083 566 4134 erat
586 4075 690 4135 decani
709 4075 830 4144 jndicio.
864 4065 918 4145 Ἦ)
940 4077 981 4129 ita
1000 4093 1036 4134 cn
1048 4079 1106 4136 lex.

90 4140 93 4145 Ι
147 4161 224 4242 aaa)
241 4171 339 4227 Serius
356 4173 509 4232 additurus
547 4173 623 4234 Vide
640 4183 772 4234 statutum
799 4172 852 4241 fol.
870 4179 918 4239 33,
939 4169 1052 4251 Ἶᾳίοης
1071 4193 1185 4247 prome
