2714 4740
1092 229 1199 338 llubr.
1220 234 1261 305 l.

507 475 725 567 ,eunus
760 443 1009 551 nunnius.

244 618 320 736 De
380 644 587 731 electione
619 654 666 729 et
708 643 1028 746 continentiae
1051 640 1308 731 ordinaeri)-

245 812 381 871 rum...
415 780 647 889 librorum,
669 790 715 862 et
735 778 1118 882 exercitiorunuct
1145 776 1307 867 extru-

292 892 638 1022 orde'ourr'orum,
666 923 715 996 et
738 911 861 996 modo
894 911 1187 998 concurrendi
1203 915 1254 1001 ris

681 1046 858 1142 eisdem,
1244 1042 1248 1053 '

758 1232 794 1308 1.

461 1400 522 1481 De
546 1397 645 1478 modo
672 1392 825 1504 eligendi
851 1395 1085 1496 ordnarium.

347 1551 442 1622 Item
471 1573 563 1620 anno
595 1547 743 1619 Domini
771 1544 880 1618 1367.
902 1546 961 1615 die
988 1551 1027 1620 7.
1063 1548 1195 1617 mensis
1215 1548 1307 1643 Sep·

252 1676 405 1745 tembris
429 1675 466 1741 in
484 1674 593 1763 plena
613 1658 891 1762 congregatione
912 1653 1118 1754 facultatis,
1140 1671 1307 1765 magistri

255 1796 538 1874 considerantes,
565 1794 661 1881 quod
694 1815 764 1861 non
796 1792 982 1882 expediret
1015 1784 1217 1882 quernlibet
1251 1820 1307 1867 re·

256 1922 406 2008 gentem
439 1914 599 2005 incipere
626 1912 822 2001 quemlibet
851 1912 986 1982 librum
1009 1913 1179 2000 ¹quolibet
1217 1923 1308 1986 tenr-

258 2060 347 2131 pore
376 2036 645 2116 indifferenter,
680 2034 763 2124 quia
797 2055 840 2103 ex
872 2034 943 2113 hoc
968 2035 1151 2106 scholares
1172 2036 1309 2110 lierent

257 2158 409 2243 multum
429 2154 582 2239 discoli,
618 2180 688 2225 non
711 2158 953 2227 continuantes
983 2158 1114 2243 libros,
1136 2159 1308 2245 scientes,

255 2276 353 2368 quod
375 2277 502 2346 iterum
530 2280 575 2347 ab
596 2279 675 2348 aliis
705 2279 778 2348 cito
796 2279 1032 2370 incipientur,
1059 2279 1170 2350 etiam
1199 2283 1309 2373 quili-

258 2401 321 2468 bet
351 2399 466 2468 voluit
488 2400 632 2492 ¹legere
673 2401 786 2473 libros
825 2402 939 2492 magis
981 2426 1212 2489 communes,
1259 2404 1308 2475 ad

260 2544 343 2610 quos
369 2527 535 2593 crederet
563 2523 757 2594 rehabere
789 2525 910 2618 plures
935 2525 1144 2612 audientes3
1178 2537 1221 2599 et
1253 2527 1307 2599 sic

259 2647 362 2720 multi
399 2648 487 2717 libri
526 2648 784 2741 philosophiae
824 2642 855 2718 lt
899 2649 1040 2741 logicae
1083 2648 1310 2744 principales

260 2771 644 2868 praetermittebautur
662 2793 735 2839 non
753 2769 851 2854 lecti,
874 2774 982 2841 etiarn
1001 2773 1095 2842 inter
1118 2773 1309 2865 magistros

258 2898 376 2984 fiebat
402 2917 528 2966 rancor
561 2890 594 2973 tr
623 2894 759 2964 invidia
790 2904 942 2986 propter
980 2895 1070 2976 hoc,
1100 2895 1194 2984 quod
1223 2918 1308 2975 uuru

261 3045 342 3093 cunr
362 3020 436 3088 alio
463 3018 696 3087 concurrebat
732 3016 768 3086 in
798 3018 953 3106 legendo
982 3017 1132 3087 eundem
1161 3017 1309 3093 librrun.

262 3140 322 3212 Ad
351 3122 588 3207 exclusionem
620 3142 777 3207 omniurn
808 3141 953 3208 illorum
973 3137 1146 3213 malorum
1177 3149 1310 3221 statue:

261 3271 370 3347 runt,
397 3262 494 3351 quod
515 3262 666 3354 singulis
687 3264 788 3332 annis
816 3265 852 3332 in
878 3261 1033 3332 crastino
1055 3263 1168 3331 sancti
1192 3263 1311 3333 Lucae

267 3386 420 3456 debeant
450 3384 563 3477 incipi
599 3386 644 3453 do
674 3409 765 3455 novo
803 3385 974 3454 lectiones
1013 3384 1241 3470 ordinariae,
1278 3382 1312 3457 lt

264 3503 357 3594 quod
383 3506 537 3594 quilibet
567 3507 617 3574 sic
647 3507 817 3598 disponat
847 3506 891 3573 de
922 3490 1027 3574 libris
1063 3507 1237 3596 antiquis,
1273 3520 1313 3580 ut

264 3639 367 3697 autea
389 3627 573 3704 finiantur.
628 3629 667 3696 Si
690 3650 774 3696 vero
800 3627 927 3715 aliquis
947 3628 1077 3702 librum
1111 3650 1172 3696 seu
1195 3628 1314 3701 libros

265 3750 446 3838 antiquos,
475 3753 562 3817 sicut
577 3751 816 3841 praedicitur,
844 3748 950 3818 linire
975 3773 1046 3818 non
1065 3749 1223 3834 valeret,
1250 3751 1314 3822 hic

136 3872 139 3879 '
265 3871 434 3952 eundem,
460 3871 517 3938 vel
545 3871 708 3954 eosdem,
736 3873 803 3939 uisi
827 3872 899 3955 sint
932 3869 978 3940 de
1015 3871 1195 3940 facultatis
1227 3897 1314 3945 con·

269 4013 402 4077 sensu,
442 3995 563 4087 legere
602 4018 672 4063 nou
704 4006 918 4086 praesumat.
993 3994 1137 4063 Debent
1169 4016 1316 4084 quoque

268 4117 502 4191 omneslibri
540 4117 746 4187 Aristotelis
778 4141 949 4189 unacum
980 4100 1343 4208 geometricaljhus,
