2700 4732
1219 175 1222 184 .

1091 206 1097 213 .

1072 249 1141 320 tat

92 441 314 540 praescripti
328 438 461 509 solutae
480 444 563 505 sunt
571 455 633 503 sex
652 452 844 527 sexagenas
863 457 1063 530 grossorum
1076 465 1137 513 no.
1242 487 1244 494 ,

96 566 193 633 mine
215 561 366 652 collegii
386 557 542 627 omnium
565 566 866 648 sanctorumspes
882 580 977 651 mag.
995 562 1139 632 Paetum

99 689 146 756 de
162 688 336 774 Znoyma‚
356 701 475 750 sacrae
492 677 698 769 theologiae
710 676 962 772 professorem,¹
976 702 1043 774 pro
1056 681 1141 751 duo.
1186 751 1188 760 ι

89 808 164 875 tms
185 803 360 886 terminis,
386 799 465 873 scil.
500 805 568 891 pro
600 796 693 866 festo
727 799 841 867 sancti
860 797 1141 888 Galliejuselem

103 929 200 1008 amri,
231 937 265 991 et
287 946 351 1016 pro
372 922 524 989 termino
543 941 571 984 s.
583 919 735 1010 Georgii
753 921 837 988 anni
861 922 950 1005 406,
1116 995 1119 1003 ³

195 1046 287 1113 Item
321 1017 431 1125 anno}
456 1062 527 1130 quo
551 1060 679 1132 supra,
704 1042 743 1108 in
770 1039 942 1113 decanatu
960 1044 1140 1137 praedicti

97 1190 194 1259 mag.
217 1166 388 1258 Gregorii
408 1164 543 1234 solutae
569 1170 650 1233 umt
672 1163 696 1235 8
717 1185 913 1255 sexagenas
937 1189 1141 1260 grossorum
1190 1202 1192 1213 ·
1248 1184 1256 1199 ·

98 1291 243 1359 nomine
264 1288 413 1379 collegii
435 1287 531 1376 regis
547 1285 750 1355 wenceslai
770 1310 836 1378 per
854 1310 951 1380 mag,
963 1289 1139 1364 Burchar.

102 1409 198 1492 dum,
227 1408 386 1493 ejusdem
418 1404 570 1496 collegii
600 1405 856 1497 praepositum,
879 1426 949 1501 pro
985 1414 1139 1484 termino

97 1537 213 1599 sarlati
236 1529 386 1620 Georgii
416 1527 499 1596 anni
518 1526 712 1619 praedictis
776 1602 779 1606 ⁸
1128 1527 1130 1531 ‘

132 1789 386 1878 Decernatur
403 1817 521 1905 rung,
539 1789 772 1905 Michaelis
791 1789 845 1878 dc
861 1726 1128 1904 Maleugucu,¹

101 1974 236 2102 Anno
257 2026 402 2092 Domini
435 2019 547 2094 1405.
572 2025 631 2090 die
652 2023 711 2096 10.
735 2021 864 2092 mensis
884 2019 1049 2095 Octobris
1070 2047 1139 2117 ego

101 2169 196 2234 mag.
222 2144 385 2210 Michael
404 2144 656 2230 ‹leMalenycz
681 2147 813 2210 electus
836 2142 885 2210 lui
909 2145 947 2212 in
971 2145 1142 2216 decanum
1223 2141 1229 2150 ⁶

105 2265 290 2333 facultatis
330 2262 454 2333 artium
487 2263 610 2330 xstudii
640 2259 826 2352 Pragensis
856 2265 1043 2332 secundum
1071 2266 1142 2335 for·

104 2409 199 2453 mam
224 2396 433 2457 statutorum
459 2408 563 2479 super
584 2385 653 2454 hoc
680 2386 936 2462 confectorum.
960 2386 1143 2456 turasius

104 2511 277 2600 promisi,
298 2533 338 2577 ac
359 2516 534 2602 promissa
557 2521 637 2579 tunc
653 2531 672 2574 a
689 2507 799 2598 mgris
823 2511 1068 2598 praesentibus
1087 2534 1142 2581 re·

101 2631 182 2721 cepi
208 2630 396 2700 secundum
423 2635 583 2718 ejusdem
605 2629 782 2706 facultatis
807 2636 950 2698 statuta.
975 2690 978 2698 .

196 2750 288 2817 Item
324 2753 450 2819 eodem
474 2754 532 2822 dic
564 2751 707 2821 fuerunt
738 2749 846 2817 electi
875 2758 1025 2838 quatuor
1046 2752 1141 2847 mgri

105 2875 150 2942 de
178 2883 326 2960 quatuor
349 2875 575 2957 nationibuS‚
601 2876 659 2964 qui
679 2860 757 2945 curn
775 2873 906 2941 decano
931 2873 1066 2942 habent
1082 2898 1140 2944 re·

105 2996 262 3085 spicere,
300 2995 392 3082 quod
422 3003 553 3071 statuta
584 2995 770 3066 facultatis
803 2995 924 3066 debite
953 2997 1158 3072 observans

103 3129 186 3191 tur:
213 3117 257 3182 de
288 3119 433 3186 natione
455 3119 695 3189 Bohemorum
717 3141 814 3210 mag.
835 3102 961 3188 Petrus
995 3119 1040 3187 de
1063 3119 1142 3188 ·I¹o-

104 3243 202 3334 lycz‚
234 3234 280 3303 (le
306 3232 456 3311 'natione
485 3244 698 3314 Polonorum
733 3262 830 3334 mag.
851 3242 976 3310 Petrus
1001 3238 1140 3337 sareu,

106 3359 151 3423 de
175 3361 314 3423 natione
332 3357 545 3432 Bauarorum
573 3386 668 3455 mag.
690 3348 919 3432 Burchardus
952 3361 998 3430 de
1019 3361 1143 3432 Baliu-

105 3501 189 3571 geu,
209 3479 253 3544 de
276 3480 418 3548 natione
439 3483 615 3555 Saxonum
637 3507 731 3579 mag.
754 3487 910 3555 Joanncs
932 3482 1144 3561 chremis.
1170 3518 1193 3587 s

201 3599 293 3664 Item
335 3600 459 3669 eodem
488 3627 580 3674 anno
610 3607 674 3683 16.
717 3606 776 3676 die
812 3604 952 3675 Mensis
987 3609 1142 3699 praefati

106 3720 215 3787 electi
236 3719 375 3790 luerunt
405 3725 485 3792 nori
505 3728 716 3799 collectore·
745 3725 971 3822 pecuniarum
990 3727 1141 3802 faculta-

103 3840 177 3914 tisz
205 3862 295 3929 arag.
324 3839 477 3914 tuamen
504 3845 550 3917 ds
579 3849 741 3942 Rzysst,
767 3869 868 3940 mam·
886 3846 1074 3938 Heninguo
1099 3845 1143 3918 de
1216 3848 1222 3856 ’

105 3957 316 4035 Hilrlcuren.
