<?xml version="1.0" encoding="UTF-8"?>
<!DOCTYPE html PUBLIC "-//W3C//DTD XHTML 1.0 Transitional//EN"
    "http://www.w3.org/TR/xhtml1/DTD/xhtml1-transitional.dtd">
<html xmlns="http://www.w3.org/1999/xhtml" xml:lang="en" lang="en">
 <head>
  <title>
</title>
<meta http-equiv="Content-Type" content="text/html;charset=utf-8" />
  <meta name='ocr-system' content='tesseract 3.04.00' />
  <meta name='ocr-capabilities' content='ocr_page ocr_carea ocr_par ocr_line ocrx_word'/>
</head>
<body>
  <div class='ocr_page' id='page_1' title='image "./liberdecanorumf00unkngoog_0167.png"; bbox 0 0 2714 4740; ppageno 0'>
   <div class='ocr_carea' id='block_1_1' title="bbox 154 298 1155 379">
    <p class='ocr_par' dir='ltr' id='par_1_1' title="bbox 154 298 1155 379">
     <span class='ocr_line' id='line_1_1' title="bbox 154 298 1155 379; baseline -0.005 -4"><span class='ocrx_word' id='word_1_1' title='bbox 154 306 217 375; x_wconf 80' lang='lat'><strong>104</strong></span> <span class='ocrx_word' id='word_1_2' title='bbox 989 298 1093 379; x_wconf 78' lang='lat' dir='ltr'><strong>Rulrr.</strong></span> <span class='ocrx_word' id='word_1_3' title='bbox 1114 304 1155 376; x_wconf 82' lang='lat' dir='ltr'><strong>ll.</strong></span> 
     </span>
    </p>
   </div>
   <div class='ocr_carea' id='block_1_2' title="bbox 37 472 1172 1097">
    <p class='ocr_par' dir='ltr' id='par_1_2' title="bbox 37 472 1172 1097">
     <span class='ocr_line' id='line_1_2' title="bbox 37 472 1172 597; baseline -0.011 -18"><span class='ocrx_word' id='word_1_4' title='bbox 37 509 40 517; x_wconf 74' lang='grc'><strong>’</strong></span> <span class='ocrx_word' id='word_1_5' title='bbox 153 495 356 579; x_wconf 81' lang='lat' dir='ltr'><strong>mediatam</strong></span> <span class='ocrx_word' id='word_1_6' title='bbox 379 510 462 570; x_wconf 86' lang='lat' dir='ltr'><strong>ante.</strong></span> <span class='ocrx_word' id='word_1_7' title='bbox 494 499 690 592; x_wconf 69' lang='lat' dir='ltr'><strong>p&#39;ranulium</strong></span> <span class='ocrx_word' id='word_1_8' title='bbox 717 499 948 568; x_wconf 84' lang='lat' dir='ltr'><strong>&#39;immutanda</strong></span> <span class='ocrx_word' id='word_1_9' title='bbox 983 499 1052 597; x_wconf 54' lang='lat' dir='ltr'><strong>sul)x</strong></span> <span class='ocrx_word' id='word_1_10' title='bbox 1087 472 1172 593; x_wconf 83' lang='lat' dir='ltr'><strong>poen</strong></span> 
     </span>
     <span class='ocr_line' id='line_1_3' title="bbox 153 591 1172 722; baseline -0.011 -19"><span class='ocrx_word' id='word_1_11' title='bbox 153 635 308 703; x_wconf 89' lang='lat' dir='ltr'><strong>duorum·</strong></span> <span class='ocrx_word' id='word_1_12' title='bbox 323 591 543 720; x_wconf 74' lang='lat' dir='ltr'><strong>grossorum,</strong></span> <span class='ocrx_word' id='word_1_13' title='bbox 568 635 604 713; x_wconf 80' lang='lat' dir='ltr'><strong>et</strong></span> <span class='ocrx_word' id='word_1_14' title='bbox 630 648 703 694; x_wconf 89' lang='lat' dir='ltr'><strong>non</strong></span> <span class='ocrx_word' id='word_1_15' title='bbox 734 623 1030 722; x_wconf 76' lang='lat' dir='ltr'><strong>contradicendi3</strong></span> <span class='ocrx_word' id='word_1_16' title='bbox 1059 624 1172 695; x_wconf 81' lang='lat' dir='ltr'><strong>conclu</strong></span> 
     </span>
     <span class='ocr_line' id='line_1_4' title="bbox 153 749 1172 843; baseline -0.014 -13"><span class='ocrx_word' id='word_1_17' title='bbox 153 784 227 830; x_wconf 84' lang='lat' dir='ltr'><strong>sum</strong></span> <span class='ocrx_word' id='word_1_18' title='bbox 252 758 319 827; x_wconf 92' lang='lat' dir='ltr'><strong>fuit</strong></span> <span class='ocrx_word' id='word_1_19' title='bbox 345 754 572 824; x_wconf 88' lang='lat' dir='ltr'><strong>concorditer</strong></span> <span class='ocrx_word' id='word_1_20' title='bbox 593 752 693 843; x_wconf 89' lang='lat' dir='ltr'><strong>nullo</strong></span> <span class='ocrx_word' id='word_1_21' title='bbox 713 749 993 832; x_wconf 82' lang='lat' dir='ltr'><strong>contradicente,</strong></span> <span class='ocrx_word' id='word_1_22' title='bbox 1020 749 1113 840; x_wconf 87' lang='lat' dir='ltr'><strong>quod</strong></span> <span class='ocrx_word' id='word_1_23' title='bbox 1135 750 1172 817; x_wconf 84' lang='lat' dir='ltr'><strong>ist</strong></span> 
     </span>
     <span class='ocr_line' id='line_1_5' title="bbox 152 874 1172 969; baseline -0.005 -21"><span class='ocrx_word' id='word_1_24' title='bbox 152 879 253 960; x_wconf 85' lang='lat' dir='ltr'><strong>hora,</strong></span> <span class='ocrx_word' id='word_1_25' title='bbox 282 899 368 966; x_wconf 84' lang='lat' dir='ltr'><strong>quae</strong></span> <span class='ocrx_word' id='word_1_26' title='bbox 397 878 591 969; x_wconf 86' lang='lat' dir='ltr'><strong>usquehuc</strong></span> <span class='ocrx_word' id='word_1_27' title='bbox 622 876 692 945; x_wconf 87' lang='lat' dir='ltr'><strong>fuit</strong></span> <span class='ocrx_word' id='word_1_28' title='bbox 727 875 883 959; x_wconf 88' lang='lat' dir='ltr'><strong>decima,</strong></span> <span class='ocrx_word' id='word_1_29' title='bbox 923 874 1117 949; x_wconf 71' lang='lat' dir='ltr'><strong>in&#39;hoiam</strong></span> <span class='ocrx_word' id='word_1_30' title='bbox 1138 876 1172 944; x_wconf 88' lang='lat' dir='ltr'><strong>iu</strong></span> 
     </span>
     <span class='ocr_line' id='line_1_6' title="bbox 154 971 960 1097; baseline -0.007 -23"><span class='ocrx_word' id='word_1_31' title='bbox 154 1006 311 1074; x_wconf 85' lang='lat' dir='ltr'><strong>mediate</strong></span> <span class='ocrx_word' id='word_1_32' title='bbox 336 1015 420 1073; x_wconf 86' lang='lat' dir='ltr'><strong>aute</strong></span> <span class='ocrx_word' id='word_1_33' title='bbox 443 971 634 1097; x_wconf 75' lang='lat' dir='ltr'><strong>prandium</strong></span> <span class='ocrx_word' id='word_1_34' title='bbox 661 1004 709 1071; x_wconf 93' lang='lat' dir='ltr'><strong>sit</strong></span> <span class='ocrx_word' id='word_1_35' title='bbox 728 998 960 1074; x_wconf 82' lang='lat' dir='ltr'><strong>immutanda.</strong></span> 
     </span>
    </p>
   </div>
   <div class='ocr_carea' id='block_1_3' title="bbox 664 1160 865 1246">
    <p class='ocr_par' dir='ltr' id='par_1_3' title="bbox 664 1160 865 1246">
     <span class='ocr_line' id='line_1_7' title="bbox 664 1160 865 1246; baseline -0.005 -53"><span class='ocrx_word' id='word_1_36' title='bbox 664 1160 865 1246; x_wconf 30' lang='grc' dir='ltr'><strong>δ’»</strong></span> 
     </span>
    </p>
   </div>
   <div class='ocr_carea' id='block_1_4' title="bbox 151 1323 1172 2043">
    <p class='ocr_par' dir='ltr' id='par_1_4' title="bbox 151 1323 1172 2043">
     <span class='ocr_line' id='line_1_8' title="bbox 244 1323 1172 1418; baseline -0.006 -20"><span class='ocrx_word' id='word_1_37' title='bbox 244 1330 339 1398; x_wconf 65' lang='lat' dir='ltr'><strong>&#39;Item</strong></span> <span class='ocrx_word' id='word_1_38' title='bbox 366 1329 403 1396; x_wconf 89' lang='lat' dir='ltr'><strong>in</strong></span> <span class='ocrx_word' id='word_1_39' title='bbox 428 1326 600 1396; x_wconf 89' lang='lat' dir='ltr'><strong>decanatu</strong></span> <span class='ocrx_word' id='word_1_40' title='bbox 635 1349 731 1418; x_wconf 78' lang='lat' dir='ltr'><strong>mag.</strong></span> <span class='ocrx_word' id='word_1_41' title='bbox 753 1323 904 1395; x_wconf 88' lang='lat' dir='ltr'><strong>Henrici</strong></span> <span class='ocrx_word' id='word_1_42' title='bbox 939 1325 985 1394; x_wconf 89' lang='lat' dir='ltr'><strong>de</strong></span> <span class='ocrx_word' id='word_1_43' title='bbox 1014 1323 1172 1393; x_wconf 84' lang='lat' dir='ltr'><strong>Homber</strong></span> 
     </span>
     <span class='ocr_line' id='line_1_9' title="bbox 152 1426 1172 1546; baseline -0.012 -20"><span class='ocrx_word' id='word_1_44' title='bbox 152 1457 212 1526; x_wconf 87' lang='lat' dir='ltr'><strong>dle</strong></span> <span class='ocrx_word' id='word_1_45' title='bbox 237 1458 274 1526; x_wconf 84' lang='lat'><strong>6.</strong></span> <span class='ocrx_word' id='word_1_46' title='bbox 302 1426 430 1521; x_wconf 87' lang='lat' dir='ltr'><strong>mensis</strong></span> <span class='ocrx_word' id='word_1_47' title='bbox 459 1451 610 1542; x_wconf 81' lang='lat' dir='ltr'><strong>Augusti</strong></span> <span class='ocrx_word' id='word_1_48' title='bbox 638 1453 675 1520; x_wconf 92' lang='lat' dir='ltr'><strong>in</strong></span> <span class='ocrx_word' id='word_1_49' title='bbox 704 1455 813 1546; x_wconf 88' lang='lat' dir='ltr'><strong>plena</strong></span> <span class='ocrx_word' id='word_1_50' title='bbox 843 1449 1124 1542; x_wconf 63' lang='lat' dir='ltr'><strong>congregatione</strong></span> <span class='ocrx_word' id='word_1_51' title='bbox 1145 1446 1172 1514; x_wconf 77' lang='lat' dir='ltr'><strong>fr</strong></span> 
     </span>
     <span class='ocr_line' id='line_1_10' title="bbox 152 1575 1172 1667; baseline -0.01 -14"><span class='ocrx_word' id='word_1_52' title='bbox 152 1581 296 1653; x_wconf 79' lang='lat' dir='ltr'><strong>unitatis</strong></span> <span class='ocrx_word' id='word_1_53' title='bbox 320 1578 521 1648; x_wconf 88' lang='lat' dir='ltr'><strong>conclusum</strong></span> <span class='ocrx_word' id='word_1_54' title='bbox 541 1575 610 1646; x_wconf 91' lang='lat' dir='ltr'><strong>fuit</strong></span> <span class='ocrx_word' id='word_1_55' title='bbox 636 1577 876 1661; x_wconf 87' lang='lat' dir='ltr'><strong>concorditer,</strong></span> <span class='ocrx_word' id='word_1_56' title='bbox 899 1579 994 1667; x_wconf 90' lang='lat' dir='ltr'><strong>quod</strong></span> <span class='ocrx_word' id='word_1_57' title='bbox 1016 1576 1172 1644; x_wconf 79' lang='lat' dir='ltr'><strong>docetor</strong></span> 
     </span>
     <span class='ocr_line' id='line_1_11' title="bbox 151 1701 1172 1797; baseline -0.006 -23"><span class='ocrx_word' id='word_1_58' title='bbox 151 1705 243 1778; x_wconf 88' lang='lat' dir='ltr'><strong>nulli</strong></span> <span class='ocrx_word' id='word_1_59' title='bbox 264 1703 570 1794; x_wconf 73' lang='lat' dir='ltr'><strong>magistrorum-in</strong></span> <span class='ocrx_word' id='word_1_60' title='bbox 594 1711 629 1769; x_wconf 94' lang='lat' dir='ltr'><strong>et</strong></span> <span class='ocrx_word' id='word_1_61' title='bbox 657 1725 724 1794; x_wconf 88' lang='lat' dir='ltr'><strong>pro</strong></span> <span class='ocrx_word' id='word_1_62' title='bbox 748 1703 873 1771; x_wconf 82' lang='lat' dir='ltr'><strong>(liebus</strong></span> <span class='ocrx_word' id='word_1_63' title='bbox 904 1703 1128 1797; x_wconf 69' lang='lat' dir='ltr'><strong>uacationum</strong></span> <span class='ocrx_word' id='word_1_64' title='bbox 1153 1701 1172 1768; x_wconf 84' lang='lat' dir='ltr'><strong>l</strong></span> 
     </span>
     <span class='ocr_line' id='line_1_12' title="bbox 152 1825 1172 1919; baseline -0.005 -20"><span class='ocrx_word' id='word_1_65' title='bbox 152 1837 231 1899; x_wconf 80' lang='lat' dir='ltr'><strong>caat</strong></span> <span class='ocrx_word' id='word_1_66' title='bbox 256 1829 416 1919; x_wconf 77' lang='lat' dir='ltr'><strong>incipero</strong></span> <span class='ocrx_word' id='word_1_67' title='bbox 436 1848 543 1893; x_wconf 87' lang='lat' dir='ltr'><strong>novas</strong></span> <span class='ocrx_word' id='word_1_68' title='bbox 569 1825 813 1916; x_wconf 72' lang='lat' dir='ltr'><strong>repetitiones,</strong></span> <span class='ocrx_word' id='word_1_69' title='bbox 845 1829 934 1900; x_wconf 88' lang='lat' dir='ltr'><strong>sicut</strong></span> <span class='ocrx_word' id='word_1_70' title='bbox 959 1838 996 1897; x_wconf 90' lang='lat' dir='ltr'><strong>et</strong></span> <span class='ocrx_word' id='word_1_71' title='bbox 1020 1827 1092 1897; x_wconf 91' lang='lat' dir='ltr'><strong>hoc</strong></span> <span class='ocrx_word' id='word_1_72' title='bbox 1116 1845 1172 1897; x_wconf 77' lang='lat' dir='ltr'><strong>cor</strong></span> 
     </span>
     <span class='ocr_line' id='line_1_13' title="bbox 154 1949 1059 2043; baseline 0.001 -20"><span class='ocrx_word' id='word_1_73' title='bbox 154 1955 290 2026; x_wconf 83' lang='lat' dir='ltr'><strong>clusum</strong></span> <span class='ocrx_word' id='word_1_74' title='bbox 314 1959 367 2019; x_wconf 86' lang='lat' dir='ltr'><strong>est</strong></span> <span class='ocrx_word' id='word_1_75' title='bbox 389 1950 486 2043; x_wconf 91' lang='lat' dir='ltr'><strong>prius</strong></span> <span class='ocrx_word' id='word_1_76' title='bbox 505 1949 550 2018; x_wconf 87' lang='lat' dir='ltr'><strong>de</strong></span> <span class='ocrx_word' id='word_1_77' title='bbox 571 1951 750 2018; x_wconf 85' lang='lat' dir='ltr'><strong>exercitiis</strong></span> <span class='ocrx_word' id='word_1_78' title='bbox 774 1961 810 2020; x_wconf 87' lang='lat' dir='ltr'><strong>et</strong></span> <span class='ocrx_word' id='word_1_79' title='bbox 832 1952 1059 2042; x_wconf 83' lang='lat' dir='ltr'><strong>lectionibus.</strong></span> 
     </span>
    </p>
   </div>
   <div class='ocr_carea' id='block_1_5' title="bbox 658 2096 696 2168">
    <p class='ocr_par' dir='ltr' id='par_1_5' title="bbox 658 2096 696 2168">
     <span class='ocr_line' id='line_1_14' title="bbox 658 2096 696 2168; baseline -0.026 0"><span class='ocrx_word' id='word_1_80' title='bbox 658 2096 696 2168; x_wconf 81' lang='lat'><strong>7.</strong></span> 
     </span>
    </p>
   </div>
   <div class='ocr_carea' id='block_1_6' title="bbox 96 2221 1172 3325">
    <p class='ocr_par' dir='ltr' id='par_1_6' title="bbox 96 2221 1172 3325">
     <span class='ocr_line' id='line_1_15' title="bbox 249 2221 1172 2331; baseline 0.003 -22"><span class='ocrx_word' id='word_1_81' title='bbox 249 2240 294 2311; x_wconf 93' lang='lat' dir='ltr'><strong>ln</strong></span> <span class='ocrx_word' id='word_1_82' title='bbox 318 2221 491 2308; x_wconf 68' lang='lat' dir='ltr'><strong>decanatu</strong></span> <span class='ocrx_word' id='word_1_83' title='bbox 514 2261 612 2331; x_wconf 79' lang='lat' dir='ltr'><strong>mag.</strong></span> <span class='ocrx_word' id='word_1_84' title='bbox 634 2221 828 2308; x_wconf 83' lang='lat' dir='ltr'><strong>Przibislai</strong></span> <span class='ocrx_word' id='word_1_85' title='bbox 852 2240 896 2308; x_wconf 74' lang='lat' dir='ltr'><strong>(le</strong></span> <span class='ocrx_word' id='word_1_86' title='bbox 912 2241 1102 2313; x_wconf 85' lang='lat' dir='ltr'><strong>Yessenicz</strong></span> <span class='ocrx_word' id='word_1_87' title='bbox 1120 2243 1172 2312; x_wconf 79' lang='lat' dir='ltr'><strong>fa⁴</strong></span> 
     </span>
     <span class='ocr_line' id='line_1_16' title="bbox 149 2331 1172 2454; baseline -0.003 -23"><span class='ocrx_word' id='word_1_88' title='bbox 149 2369 187 2431; x_wconf 84' lang='lat' dir='ltr'><strong>ta</strong></span> <span class='ocrx_word' id='word_1_89' title='bbox 218 2331 496 2454; x_wconf 83' lang='lat' dir='ltr'><strong>congregatione</strong></span> <span class='ocrx_word' id='word_1_90' title='bbox 528 2342 711 2428; x_wconf 84' lang='lat' dir='ltr'><strong>facultatis</strong></span> <span class='ocrx_word' id='word_1_91' title='bbox 742 2365 805 2430; x_wconf 89' lang='lat' dir='ltr'><strong>suh</strong></span> <span class='ocrx_word' id='word_1_92' title='bbox 842 2361 910 2430; x_wconf 88' lang='lat' dir='ltr'><strong>hac</strong></span> <span class='ocrx_word' id='word_1_93' title='bbox 947 2362 1085 2436; x_wconf 73' lang='lat' dir='ltr'><strong>format</strong></span> <span class='ocrx_word' id='word_1_94' title='bbox 1115 2367 1172 2434; x_wconf 68' lang='lat' dir='ltr'><strong>M:</strong></span> 
     </span>
     <span class='ocr_line' id='line_1_17' title="bbox 145 2479 1172 2573; baseline 0.001 -26"><span class='ocrx_word' id='word_1_95' title='bbox 145 2483 258 2573; x_wconf 83' lang='lat' dir='ltr'><strong>gister</strong></span> <span class='ocrx_word' id='word_1_96' title='bbox 280 2479 500 2560; x_wconf 74' lang='lat' dir='ltr'><strong>reverende!</strong></span> <span class='ocrx_word' id='word_1_97' title='bbox 526 2485 603 2550; x_wconf 83' lang='lat' dir='ltr'><strong>sitis</strong></span> <span class='ocrx_word' id='word_1_98' title='bbox 631 2482 742 2551; x_wconf 87' lang='lat' dir='ltr'><strong>hodie</strong></span> <span class='ocrx_word' id='word_1_99' title='bbox 763 2485 853 2553; x_wconf 87' lang='lat' dir='ltr'><strong>hora</strong></span> <span class='ocrx_word' id='word_1_100' title='bbox 878 2486 939 2557; x_wconf 73' lang='lat' dir='ltr'><strong>ill.</strong></span> <span class='ocrx_word' id='word_1_101' title='bbox 971 2485 1008 2552; x_wconf 92' lang='lat' dir='ltr'><strong>in</strong></span> <span class='ocrx_word' id='word_1_102' title='bbox 1040 2487 1172 2564; x_wconf 85' lang='lat' dir='ltr'><strong>concili</strong></span> 
     </span>
     <span class='ocr_line' id='line_1_18' title="bbox 96 2607 1172 2692; baseline 0.002 -18"><span class='ocrx_word' id='word_1_103' title='bbox 96 2688 98 2692; x_wconf 68' lang='lat'>,</span> <span class='ocrx_word' id='word_1_104' title='bbox 145 2607 326 2674; x_wconf 84' lang='lat' dir='ltr'><strong>facultatis</strong></span> <span class='ocrx_word' id='word_1_105' title='bbox 359 2607 490 2673; x_wconf 86' lang='lat' dir='ltr'><strong>artium</strong></span> <span class='ocrx_word' id='word_1_106' title='bbox 524 2612 570 2671; x_wconf 85' lang='lat' dir='ltr'><strong>ad</strong></span> <span class='ocrx_word' id='word_1_107' title='bbox 592 2608 819 2676; x_wconf 89' lang='lat' dir='ltr'><strong>tractandum</strong></span> <span class='ocrx_word' id='word_1_108' title='bbox 849 2609 1011 2681; x_wconf 84' lang='lat' dir='ltr'><strong>finaliter</strong></span> <span class='ocrx_word' id='word_1_109' title='bbox 1040 2613 1084 2680; x_wconf 77' lang='lat' dir='ltr'><strong>cle</strong></span> <span class='ocrx_word' id='word_1_110' title='bbox 1113 2634 1172 2681; x_wconf 83' lang='lat' dir='ltr'><strong>cor</strong></span> 
     </span>
     <span class='ocr_line' id='line_1_19' title="bbox 146 2710 1172 2820; baseline 0.004 -23"><span class='ocrx_word' id='word_1_111' title='bbox 146 2710 270 2797; x_wconf 83' lang='lat' dir='ltr'><strong>cordia</strong></span> <span class='ocrx_word' id='word_1_112' title='bbox 295 2713 513 2810; x_wconf 83' lang='lat' dir='ltr'><strong>facultatum,</strong></span> <span class='ocrx_word' id='word_1_113' title='bbox 536 2730 598 2796; x_wconf 93' lang='lat' dir='ltr'><strong>sub</strong></span> <span class='ocrx_word' id='word_1_114' title='bbox 621 2753 737 2820; x_wconf 87' lang='lat' dir='ltr'><strong>poena</strong></span> <span class='ocrx_word' id='word_1_115' title='bbox 758 2755 829 2799; x_wconf 92' lang='lat' dir='ltr'><strong>non</strong></span> <span class='ocrx_word' id='word_1_116' title='bbox 852 2710 1134 2818; x_wconf 84' lang='lat' dir='ltr'><strong>contradicendi,</strong></span> <span class='ocrx_word' id='word_1_117' title='bbox 1163 2755 1172 2794; x_wconf 74' lang='lat' dir='ltr'><strong>t</strong></span> 
     </span>
     <span class='ocr_line' id='line_1_20' title="bbox 144 2841 1172 2947; baseline 0.001 -29"><span class='ocrx_word' id='word_1_118' title='bbox 144 2851 233 2921; x_wconf 91' lang='lat' dir='ltr'><strong>sicut</strong></span> <span class='ocrx_word' id='word_1_119' title='bbox 267 2850 435 2940; x_wconf 86' lang='lat' dir='ltr'><strong>diligitis¹</strong></span> <span class='ocrx_word' id='word_1_120' title='bbox 458 2853 590 2920; x_wconf 91' lang='lat' dir='ltr'><strong>bonum</strong></span> <span class='ocrx_word' id='word_1_121' title='bbox 626 2841 836 2940; x_wconf 83' lang='lat' dir='ltr'><strong>facultatis3</strong></span> <span class='ocrx_word' id='word_1_122' title='bbox 873 2854 909 2921; x_wconf 91' lang='lat' dir='ltr'><strong>in</strong></span> <span class='ocrx_word' id='word_1_123' title='bbox 945 2848 1015 2943; x_wconf 87' lang='lat' dir='ltr'><strong>qua</strong></span> <span class='ocrx_word' id='word_1_124' title='bbox 1052 2857 1172 2947; x_wconf 79' lang='lat' dir='ltr'><strong>quiden</strong></span> 
     </span>
     <span class='ocr_line' id='line_1_21' title="bbox 144 2973 1172 3068; baseline 0.003 -24"><span class='ocrx_word' id='word_1_125' title='bbox 144 2973 424 3068; x_wconf 70' lang='lat' dir='ltr'><strong>congregatione</strong></span> <span class='ocrx_word' id='word_1_126' title='bbox 445 3002 565 3046; x_wconf 86' lang='lat' dir='ltr'><strong>omnes</strong></span> <span class='ocrx_word' id='word_1_127' title='bbox 589 2979 752 3068; x_wconf 83' lang='lat' dir='ltr'><strong>magistri</strong></span> <span class='ocrx_word' id='word_1_128' title='bbox 770 2992 1021 3054; x_wconf 86' lang='lat' dir='ltr'><strong>consenserunt</strong></span> <span class='ocrx_word' id='word_1_129' title='bbox 1044 2984 1172 3052; x_wconf 84' lang='lat' dir='ltr'><strong>adcon</strong></span> 
     </span>
     <span class='ocr_line' id='line_1_22' title="bbox 143 3077 1172 3200; baseline -0.002 -28"><span class='ocrx_word' id='word_1_130' title='bbox 143 3107 303 3182; x_wconf 87' lang='lat' dir='ltr'><strong>cordiam</strong></span> <span class='ocrx_word' id='word_1_131' title='bbox 347 3104 441 3171; x_wconf 91' lang='lat' dir='ltr'><strong>inter</strong></span> <span class='ocrx_word' id='word_1_132' title='bbox 474 3077 666 3175; x_wconf 79' lang='lat' dir='ltr'><strong>facultates</strong></span> <span class='ocrx_word' id='word_1_133' title='bbox 705 3097 912 3178; x_wconf 87' lang='lat' dir='ltr'><strong>dictandam</strong></span> <span class='ocrx_word' id='word_1_134' title='bbox 944 3132 1011 3200; x_wconf 89' lang='lat' dir='ltr'><strong>per</strong></span> <span class='ocrx_word' id='word_1_135' title='bbox 1042 3107 1172 3179; x_wconf 82' lang='lat' dir='ltr'><strong>arbitro</strong></span> 
     </span>
     <span class='ocr_line' id='line_1_23' title="bbox 143 3230 998 3325; baseline 0.008 -26"><span class='ocrx_word' id='word_1_136' title='bbox 143 3231 282 3304; x_wconf 81' lang='lat' dir='ltr'><strong>adhoc</strong></span> <span class='ocrx_word' id='word_1_137' title='bbox 306 3233 502 3325; x_wconf 85' lang='lat' dir='ltr'><strong>deputatos,</strong></span> <span class='ocrx_word' id='word_1_138' title='bbox 525 3243 562 3301; x_wconf 89' lang='lat' dir='ltr'><strong>et</strong></span> <span class='ocrx_word' id='word_1_139' title='bbox 582 3230 654 3302; x_wconf 93' lang='lat' dir='ltr'><strong>hoc</strong></span> <span class='ocrx_word' id='word_1_140' title='bbox 678 3234 807 3304; x_wconf 87' lang='lat' dir='ltr'><strong>Martii</strong></span> <span class='ocrx_word' id='word_1_141' title='bbox 832 3237 896 3307; x_wconf 84' lang='grc'><strong>27.</strong></span> <span class='ocrx_word' id='word_1_142' title='bbox 923 3236 998 3306; x_wconf 71' lang='grc' dir='ltr'><strong>ὼε.</strong></span> 
     </span>
    </p>
   </div>
   <div class='ocr_carea' id='block_1_7' title="bbox 442 3405 893 3645">
    <p class='ocr_par' dir='ltr' id='par_1_7' title="bbox 442 3405 893 3645">
     <span class='ocr_line' id='line_1_24' title="bbox 650 3405 689 3473; baseline 0.026 -1"><span class='ocrx_word' id='word_1_143' title='bbox 650 3405 689 3473; x_wconf 86' lang='grc'><strong>8.</strong></span> 
     </span>
     <span class='ocr_line' id='line_1_25' title="bbox 442 3545 893 3645; baseline -0.018 -20"><span class='ocrx_word' id='word_1_144' title='bbox 442 3545 634 3626; x_wconf 83' lang='lat' dir='ltr'><strong>Concordia</strong></span> <span class='ocrx_word' id='word_1_145' title='bbox 646 3631 651 3645; x_wconf 48' lang='grc'><strong><em>,</em></strong></span> <span class='ocrx_word' id='word_1_146' title='bbox 658 3545 893 3645; x_wconf 80' lang='lat' dir='ltr'><strong>facultatum.</strong></span> 
     </span>
    </p>
   </div>
   <div class='ocr_carea' id='block_1_8' title="bbox 119 3693 1172 4144">
    <p class='ocr_par' dir='ltr' id='par_1_8' title="bbox 119 3693 1172 4144">
     <span class='ocr_line' id='line_1_26' title="bbox 119 3693 1171 3786; baseline 0.002 -24"><span class='ocrx_word' id='word_1_147' title='bbox 119 3707 125 3718; x_wconf 85' lang='lat'><strong>‘</strong></span> <span class='ocrx_word' id='word_1_148' title='bbox 239 3693 284 3762; x_wconf 91' lang='lat' dir='ltr'><strong>ln</strong></span> <span class='ocrx_word' id='word_1_149' title='bbox 309 3701 488 3766; x_wconf 88' lang='lat' dir='ltr'><strong>rectoratu</strong></span> <span class='ocrx_word' id='word_1_150' title='bbox 519 3694 683 3786; x_wconf 85' lang='lat' dir='ltr'><strong>magistri</strong></span> <span class='ocrx_word' id='word_1_151' title='bbox 713 3696 866 3764; x_wconf 88' lang='lat' dir='ltr'><strong>chrici</strong></span> <span class='ocrx_word' id='word_1_152' title='bbox 900 3696 945 3763; x_wconf 88' lang='lat' dir='ltr'><strong>de</strong></span> <span class='ocrx_word' id='word_1_153' title='bbox 966 3693 1106 3767; x_wconf 84' lang='lat' dir='ltr'><strong>Bremis</strong></span> <span class='ocrx_word' id='word_1_154' title='bbox 1134 3716 1171 3764; x_wconf 82' lang='lat' dir='ltr'><strong>ao</strong></span> 
     </span>
     <span class='ocr_line' id='line_1_27' title="bbox 139 3817 1172 3896; baseline -0.002 -8"><span class='ocrx_word' id='word_1_155' title='bbox 139 3818 224 3894; x_wconf 83' lang='lat' dir='ltr'><strong>Dni.</strong></span> <span class='ocrx_word' id='word_1_156' title='bbox 247 3819 363 3888; x_wconf 78' lang='grc' dir='ltr'><strong>1392.Ι</strong></span> <span class='ocrx_word' id='word_1_157' title='bbox 382 3818 441 3885; x_wconf 88' lang='lat' dir='ltr'><strong>die</strong></span> <span class='ocrx_word' id='word_1_158' title='bbox 472 3819 538 3896; x_wconf 81' lang='grc'><strong>28.</strong></span> <span class='ocrx_word' id='word_1_159' title='bbox 570 3820 698 3887; x_wconf 85' lang='lat' dir='ltr'><strong>mensis</strong></span> <span class='ocrx_word' id='word_1_160' title='bbox 732 3819 860 3888; x_wconf 88' lang='lat' dir='ltr'><strong>Martii</strong></span> <span class='ocrx_word' id='word_1_161' title='bbox 890 3817 989 3889; x_wconf 86' lang='lat' dir='ltr'><strong>facta</strong></span> <span class='ocrx_word' id='word_1_162' title='bbox 1018 3840 1172 3888; x_wconf 85' lang='lat' dir='ltr'><strong>convoca-</strong></span> 
     </span>
     <span class='ocr_line' id='line_1_28' title="bbox 136 3940 1172 4031; baseline -0.003 -20"><span class='ocrx_word' id='word_1_163' title='bbox 136 3943 234 4011; x_wconf 82' lang='lat' dir='ltr'><strong>tione</strong></span> <span class='ocrx_word' id='word_1_164' title='bbox 271 3942 506 4010; x_wconf 83' lang='lat' dir='ltr'><strong>universitatis</strong></span> <span class='ocrx_word' id='word_1_165' title='bbox 539 3943 577 4010; x_wconf 83' lang='lat' dir='ltr'><strong>in</strong></span> <span class='ocrx_word' id='word_1_166' title='bbox 608 3942 677 4011; x_wconf 90' lang='lat' dir='ltr'><strong>hac</strong></span> <span class='ocrx_word' id='word_1_167' title='bbox 715 3943 866 4016; x_wconf 88' lang='lat' dir='ltr'><strong>forma:</strong></span> <span class='ocrx_word' id='word_1_168' title='bbox 917 3940 1099 4031; x_wconf 86' lang='lat' dir='ltr'><strong>Magister</strong></span> <span class='ocrx_word' id='word_1_169' title='bbox 1132 3963 1172 4008; x_wconf 83' lang='lat' dir='ltr'><strong>re</strong></span> 
     </span>
     <span class='ocr_line' id='line_1_29' title="bbox 138 4059 1172 4144; baseline -0.008 -10"><span class='ocrx_word' id='word_1_170' title='bbox 138 4059 320 4142; x_wconf 75' lang='lat' dir='ltr'><strong>verende!</strong></span> <span class='ocrx_word' id='word_1_171' title='bbox 347 4063 423 4132; x_wconf 83' lang='lat' dir='ltr'><strong>sitis</strong></span> <span class='ocrx_word' id='word_1_172' title='bbox 449 4061 560 4132; x_wconf 86' lang='lat' dir='ltr'><strong>hodie</strong></span> <span class='ocrx_word' id='word_1_173' title='bbox 593 4061 681 4134; x_wconf 87' lang='lat' dir='ltr'><strong>hora</strong></span> <span class='ocrx_word' id='word_1_174' title='bbox 715 4067 776 4144; x_wconf 86' lang='lat'><strong>19.</strong></span> <span class='ocrx_word' id='word_1_175' title='bbox 793 4066 839 4136; x_wconf 53' lang='lat' dir='ltr'><strong>&#39;iu</strong></span> <span class='ocrx_word' id='word_1_176' title='bbox 868 4063 973 4133; x_wconf 80' lang='lat' dir='ltr'><strong>stuba</strong></span> <span class='ocrx_word' id='word_1_177' title='bbox 997 4059 1172 4133; x_wconf 77' lang='lat' dir='ltr'><strong>facultati</strong></span> 
     </span>
    </p>
   </div>
   <div class='ocr_carea' id='block_1_9' title="bbox 0 0 1362 4740">
    <p class='ocr_par' dir='ltr' id='par_1_9' title="bbox 0 0 1362 4740">
     <span class='ocr_line' id='line_1_30' title="bbox 0 0 1362 4740; baseline 0 0"><span class='ocrx_word' id='word_1_178' title='bbox 0 0 1362 4740; x_wconf 95' lang='lat' dir='ltr'><strong> </strong></span> 
     </span>
    </p>
   </div>
  </div>
 </body>
</html>
