2714 4740
175 535 292 606 ilcan:
312 518 358 595 de
377 527 654 619 ¹(tzastalowicz.

180 626 374 706 stanislaus
400 625 447 700 de
471 630 631 701 weluar.
696 622 700 628 ⁴
735 694 741 712 ,

179 729 412 808 wenceslaus
439 727 484 802 de
508 737 755 810 Ktzizianow.

179 832 407 908 wenceslaus
433 830 480 906 de
506 835 651 906 wrben.
762 861 764 868 ’

177 939 420 1024 Hieronymus
443 933 489 1007 de
515 937 685 1010 Skutecz.

176 1043 333 1112 Joannes
360 1034 405 1106 (Ie
431 1043 554 1132 Praga.

59 1149 155 1232 1460
177 1137 356 1212 Wencesl.
384 1136 429 1207 de
455 1142 718 1212 Nova-Plana.

176 1247 330 1315 Joannes
357 1235 402 1310 dc
428 1243 599 1312 Strzibro

174 1344 330 1415 lacobus
356 1337 402 1412 de
429 1347 595 1414 Paczow.

174 1448 373 1538 Procopius
399 1440 446 1514 de
472 1447 661 1517 Montibus
692 1449 851 1520 Guttnis.

173 1547 300 1618 Simon
326 1541 371 1625 de
398 1544 585 1619 Chrudim.

172 1650 343 1721 Nicolaus
369 1651 616 1720 Thaborienus
642 1645 690 1718 de
715 1651 871 1722 Sussicz.

172 1752 371 1846 Gregorius
396 1746 441 1821 de
469 1757 593 1846 Praga.

115 1853 118 1857 ’
172 1854 349 1922 wencesl.
377 1846 423 1922 de
449 1847 618 1925 Paczow.

171 1955 348 2024 Wencesl
377 1950 422 2024 de
448 1952 634 2039 claudun,
661 1954 744 2026 alias
770 1945 816 2022 de
842 1953 1029 2026 Choczna.¹

171 2058 360 2128 Zacharias
387 2053 432 2125 de
459 2053 623 2128 Hradecz
649 2062 819 2152 Reginae

49 2169 151 2249 1470
169 2160 367 2252 Gregorius
393 2163 594 2254 Pragensis.

168 2264 323 2332 loannes
350 2257 396 2331 de
423 2264 578 2334 Thabor.

166 2363 380 2434 Laurentius
407 2359 454 2434 de
478 2368 706 2456 Rokyczana.

167 2467 397 2535 wenceslaus
424 2461 469 2534 de
497 2471 698 2558 Trzepsko.

166 2568 395 2636 wenceslaus
421 2563 467 2635 de
495 2571 664 2640 Pac'zOW.

165 2669 291 2738 Simon
317 2664 363 2737 de
390 2663 597 2739 coruum.-

165 2768 319 2841 Duchko
347 2792 389 2838 ex
417 2770 585 2847 Mielnik'.

165 2870 297 2940 Paulus
324 2866 369 2940 de
397 2873 501 2941 Zacz.

164 2973 395 3042 wenceslaus
422 2969 466 3043 de
492 2975 620 3063 majori
645 2972 791 3044 civitate
806 2971 995 3075 pagensi.
1105 3046 1118 3070 ⁴

164 3076 342 3147 Wencesl.
370 3070 415 3143 de
441 3077 640 3170 Trzepsko.

41 3185 142 3268 1480
163 3178 316 3250 Duchkc
344 3171 390 3247 de
418 3173 560 3251 Milnik
613 3175 709 3271 (sic).

163 3283 313 3350 Martio.
340 3274 385 3349 de
413 3280 602 3350 Poczatek.

86 3428 88 3433 -
163 3381 390 3452 wenceslaus
417 3374 461 3448 de
488 3384 657 3453 PaczoW.

162 3483 318 3553 Mathias
345 3478 389 3552 de
415 3484 523 3571 Brny.

162 3585 337 3655 Victorin.
365 3583 551 3656 Cornelius
578 3576 808 3655 Crhudens'u.

160 3689 292 3759 Joann.
319 3680 364 3754 de
388 3685 549 3774 Bleuicz.

159 3791 308 3859 Martia.
335 3782 380 3856 de
409 3785 598 3856 Poczatek.
653 3830 655 3836 ,

158 3892 286 3961 Joann.
315 3884 360 3960 de
387 3887 564 3958 wlassim.

157 3992 315 4062 lacobus
342 3990 606 4062 Strzibrzensis.

158 4094 313 4164 Mathias
341 4088 385 4162 de
409 4096 520 4183 Bany.

34 4198 135 4279 1490
158 4195 336 4267 Martinus
363 4195 600 4265 Poczatensis.

156 4297 312 4372 Mathias
338 4292 384 4367 de
410 4296 669 4370 PelhrzimoW.
