2714 4740
119 354 122 359 ·
189 280 330 406 aurft.
519 377 521 383 ,
570 296 571 300 '
864 413 866 419 ,
1124 351 1187 418 119
1236 317 1247 373 2

159 531 192 600 rii
214 529 339 598 Leonis
369 527 414 594 de
441 526 560 618 Praga
586 525 682 598 farta
710 536 964 606 convocatione
996 545 1183 635 magistro·

161 673 216 720 run
235 650 277 720 de
297 649 470 747 facultate
494 650 622 718 artium
655 649 807 722 subhac
832 654 973 734 forma:
1000 665 1183 759 Magister

161 771 349 842 reverende!
371 771 449 838 sitis
463 769 574 840 hodie
593 769 682 841 hora
698 773 760 856 17.
783 775 820 844 in
834 786 1112 875 congregatione
1129 788 1198 857 saa

131 894 134 909 ’
163 891 276 959 cultatis
293 892 338 959 ad
351 892 624 986 providendum,
645 896 821 982 quomodo
843 902 1008 992 magistri
1033 905 1186 999 sintpu.

164 1006 283 1095 aiendi,
304 1012 366 1101 qui
400 1011 436 1078 in
463 1011 585 1083 diebus
612 1013 872 1086 canicularibus
896 1021 1027 1113 legunt
1057 1035 1184 1096 contra

165 1141 303 1202 statutum
330 1131 525 1216 facultatis,
553 1135 617 1202 sub
643 1159 759 1228 poena
790 1161 862 1209 non
885 1145 1184 1241 contradicendi3

164 1252 336 1324 conclusum
364 1253 432 1324 fuit
458 1251 489 1323 8c
512 1263 694 1339 statutum,
716 1259 809 1346 quod
830 1262 877 1330 de
904 1273 986 1355 post
1006 1263 1038 1335 fc
1060 1268 1097 1336 in
1120 1294 1182 1340 an.

164 1377 209 1458 tea,
226 1379 417 1467 quicunque
441 1377 693 1468 magistrorum
714 1376 853 1471 legerit
866 1383 904 1451 in
932 1385 1056 1458 diebus
1082 1369 1184 1463 vaca·

166 1492 283 1583 tionum,
310 1500 493 1591 signanter
518 1501 613 1568 intra
635 1501 828 1591 crastinum
857 1507 970 1574 sancti
991 1510 1123 1581 Jacobi
1147 1522 1185 1583 ct

166 1620 326 1690 erastinum
359 1620 629 1691 Bartholomaei
654 1623 841 1716 inclusive,
874 1630 1042 1721 suspendi
1074 1635 1186 1704 debet
1266 1673 1269 1679 ·

165 1737 196 1810 ab
217 1743 371 1811 omnibus
387 1745 524 1812 actibus
547 1743 773 1821 scholasticis
796 1771 863 1840 per
890 1754 1057 1838 quartale
1082 1749 1202 1828 ‘unius'

165 1862 243 1950 ami3
270 1866 299 1933 si
329 1889 413 1939 vero
446 1870 563 1936 altera
591 1868 670 1936 vice
704 1871 919 1953 excesserit,
954 1878 1185 1967 suspendatur

164 2001 210 2070 per
227 1988 382 2058 medium
404 2014 541 2074 annum,
570 1987 602 2060 fc
630 1991 683 2059 sio
716 2003 968 2082 consequenter
991 2001 1186 2071 secundum
1293 1984 1296 1990 ⁴

108 2112 110 2116 ’
165 2108 352 2203 exigentiam
377 2114 548 2182 demeriti
571 2121 625 2182 est
652 2114 863 2206 puniendus.
1134 2130 1136 2134 '

623 2255 685 2324 27.

108 2379 110 2473 g
167 2363 253 2474 Quod
268 2367 385 2450 nullus
419 2371 564 2472 incipiat
600 2386 666 2446 aut
699 2368 910 2448 determinet
934 2368 1055 2450 diebus
1072 2374 1186 2470 festi-

461 2500 628 2574 visente
652 2494 856 2597 prunetum.

234 2641 337 2711 Anno
369 2642 515 2712 Domini
541 2642 655 2714 1406.
685 2643 746 2712 die
775 2645 814 2716 3.
840 2642 970 2711 mensis
999 2641 1127 2716 Martii
1149 2643 1188 2710 in

163 2753 309 2836 decanatu
330 2787 425 2856 mag,
445 2762 644 2834 Michaelis
673 2766 720 2834 de
756 2765 956 2856 Malenycz
984 2763 1080 2833 facta
1104 2787 1187 2834 con·
1234 2838 1236 2842 ,

160 2888 349 2976 gregatione
372 2890 617 2978 magistrorum
646 2887 692 2964 de
730 2888 886 2955 concilio
916 2883 1100 2952 facultatis
1122 2884 1188 2952 sub
1287 2916 1289 2920 ⁴

155 3003 213 3074 hac
237 3009 374 3081 forma:
403 3010 582 3100 Magister
614 3004 833 3083 reverende!
860 3006 937 3074 sitis
959 3003 1068 3073 hodie
1098 3003 1190 3072 hora

153 3108 206 3198 19.
227 3130 262 3197 in
283 3131 387 3198 stuba
410 3113 594 3199 facultatis
614 3131 661 3198 ad
689 3130 931 3210 tractandum,
951 3151 996 3196 an
1021 3125 1191 3219 expediat

149 3273 214 3342 pro
233 3252 416 3339 facultate,
439 3254 534 3342 quod
559 3254 677 3321 nullus
711 3252 864 3345 incipiat
892 3258 951 3320 aut
976 3248 1192 3318 determinet

146 3367 268 3440 diebus
293 3375 493 3443 Dominicis
522 3373 554 3445 iu
584 3374 725 3442 festivis
751 3382 832 3440 ante
852 3371 1062 3464 prandium,
1093 3365 1195 3438 &ad

145 3479 429 3563 concludendum
451 3517 556 3589 super
579 3498 723 3581 eodem,
749 3503 854 3588 prout
885 3491 1039 3583 diligitis
1062 3468 1195 3561 lionum

142 3613 340 3699 facultatis,
364 3626 401 3686 et
420 3620 483 3690 sub
506 3642 627 3711 poena
643 3642 714 3688 non
731 3613 1026 3700 contradicendi3
1053 3611 1195 3680 conclu·
1251 3655 1252 3661 κ

141 3760 225 3807 sum
244 3740 315 3808 fuit
338 3738 371 3810 lt
392 3750 570 3825 statutum,
601 3752 639 3810 ut
668 3743 830 3810 inantea
852 3735 884 3807 81
912 3736 962 3804 de
981 3741 1101 3802 cetero
1120 3730 1198 3801 nul.

142 3856 203 3926 lus
232 3858 386 3952 incipiat
419 3871 477 3935 aut
507 3861 721 3930 determinet
746 3863 785 3929 in
812 3857 949 3927 artibus
984 3859 1067 3923 ante
1092 3874 1200 3943 pran-

139 3978 244 4065 dium
269 3980 332 4048 die
359 3983 549 4052 Dominico
568 3989 627 4050 aut
644 3981 716 4051 alio
735 3978 884 4066 celebri,
915 3997 982 4064 quo
1005 3968 1201 4043 communis

147 4100 307 4194 populus
324 4104 489 4186 celebrat
508 4103 541 4179 ft
564 4104 736 4277 &stiffi
