2700 4732
88 262 95 282 l

161 288 204 357 ,⁶

167 384 173 394 3

183 483 357 573 quatenus
378 475 604 567 impugnare.
669 468 818 543 Electus
838 477 960 542 autem·
983 492 1052 569 per
1079 468 1189 543 modu

157 588 160 593 ’
185 604 431 699 praetaxatum
451 600 609 663 teneatur
637 591 795 663 officium
818 616 996 665 assumere
1022 594 1085 666 rub
1110 614 1189 687 poer

185 722 284 792 unius
309 738 504 809 sexagenas
523 713 715 783 solvendae
733 714 858 799 eadem
879 716 950 801 die,
974 738 1041 787 uec
1062 714 1189 787 inducit

162 823 254 934 sssibi
276 841 498 928 aliquatenus
521 813 769 905 concedantur.

155 930 159 941 ⁸
283 960 376 1027 Item
399 979 488 1024 anno
508 955 655 1023 Domini
678 957 949 1031 1387.‹11027.
972 960 1104 1031 mensis
1115 961 1189 1055 apr

186 1082 233 1151 lis
258 1083 295 1149 in
323 1080 496 1147 decanatu
527 1077 692 1178 magistri
721 1078 851 1146 Jacobi
884 1068 928 1148 (le
950 1079 1108 1152 Briczen
1131 1082 1187 1154 fac

158 1182 161 1187 .
187 1201 467 1295 congregatione
490 1198 673 1266 facultatis
694 1200 759 1267 sub
784 1197 852 1267 hac
875 1201 1001 1272 forma.
1123 1282 1127 1289 ,

157 1302 164 1313 ’
283 1323 376 1390 Item
400 1321 448 1391 ad
468 1316 668 1406 tollendum
688 1344 843 1390 errorem
862 1331 898 1390 et
918 1324 1134 1398 discordiam
1157 1325 1190 1397 ci

158 1423 227 1513 ¹'cu
243 1441 408 1513 ordinem
429 1438 589 1510 scrutinii
611 1449 670 1511 aut
689 1443 936 1532 compromissi
965 1443 1004 1512 iu
1025 1454 1157 1518 statuto
1179 1472 1189 1517 ι

185 1565 362 1633 electione
384 1563 510 1632 decani
530 1562 713 1632 facultatis
730 1562 801 1631 fuit
819 1564 1044 1650 conclusum,
1070 1568 1167 1656 quod

160 1764 164 1773 ι
185 1694 289 1755 autea
308 1684 423 1755 nullus
447 1707 547 1754 error
567 1691 628 1752 eut
649 1676 825 1766 discordia
848 1691 940 1752 esset
970 1708 1189 1759 commovens

160 1786 377 1884 'de-ordine
406 1792 545 1878 ratione
574 1807 701 1898 scripti
722 1807 863 1893 statuti,
894 1808 957 1876 sed
986 1807 1081 1878 facta
1106 1787 1189 1883 indu

184 1937 312 2016 tione,
355 1932 384 1998 si
417 1920 565 2001 ulterior
605 1930 642 1997 in
673 1930 849 1998 electione
878 1929 985 1999 fieret
1024 1956 1189 2025 processu

184 2057 306 2126 statim
324 2053 432 2121 fieret
456 2050 764 2143 perscrutinium,
799 2060 836 2118 et
859 2042 1012 2136 ultimo,
1039 2055 1188 2148 sioppo

182 2189 302 2249 tonum
323 2174 431 2243 fuerit
446 2223 466 2256 ,,
482 2197 548 2265 per
568 2176 870 2265 compromissum.
891 2228 894 2233 .
1148 2250 1151 2254 Δ

277 2286 425 2366 Electus
448 2299 484 2364 in
503 2298 675 2365 decanum
705 2306 742 2364 et
765 2318 940 2369 assumens
970 2299 1129 2370 officium
1152 2308 1189 2368 st

181 2425 249 2491 tim
278 2423 468 2490 mandante
494 2422 564 2489 sibi
586 2421 723 2493 seniore
746 2421 927 2492 facultatis
949 2425 1109 2512 jurabit,
1131 2446 1189 2513 qur

182 2545 342 2613 officium
363 2567 458 2614 suurn
482 2543 643 2610 fideliter
667 2556 872 2632 exequatur,
900 2555 936 2613 et
956 2546 1049 2634 quod
1066 2544 1189 2637 sigillu

164 2710 175 2745 ,z
184 2663 367 2755 facultatis
399 2666 491 2735 nulli
529 2666 658 2733 literae
689 2669 896 2759 appendat,
934 2669 1002 2738 nisi
1038 2669 1083 2737 de
1114 2668 1189 2761 pler

163 2805 355 2881 ‘consensu
384 2797 529 2875 quatuor
562 2790 812 2878 magistrorum
839 2815 906 2882 per
930 2789 1136 2862 facultatem
1160 2814 1189 2871 ,ι

182 2912 271 2981 tium
300 2911 346 2980 ad
383 2908 454 2977 huc
484 2895 690 3001 specialiter
720 2938 787 3005 pro
820 2924 983 3005 tempore
1018 2912 1189 2985 electurus

134 3089 136 3094 .
185 3031 319 3103 Omnes
335 3055 486 3123 quoque,
509 3042 593 3148 quot
606 3057 673 3125 pro
686 3045 848 3127 tempore
864 3043 1072 3128 praesentes
1088 3028 1189 3106 fuerit

165 3158 225 3257 'in
243 3156 484 3236 universitate,
511 3142 548 3223 et
568 3159 729 3227 volentes
748 3166 830 3238 actu
849 3167 1017 3270 regentes
1037 3172 1189 3243 esser,

183 3278 368 3371 reputari,
401 3281 616 3372 promittant
652 3262 786 3350 decano
813 3279 897 3350 data
923 3301 1027 3350 mauu
1058 3287 1096 3348 et
1132 3279 1189 3348 bot

184 3398 285 3485 nde,
319 3400 416 3488 quod
434 3402 507 3469 ad
498 3403 610 3494 ipsius
630 3405 854 3472 vocationem
879 3402 1042 3484 venient,
1069 3398 1189 3489 quand

162 3544 335 3615 ¹cumque
366 3547 434 3615 per
462 3526 577 3616 ipsum
606 3527 665 3593 vel
694 3526 852 3596 nmtium
881 3524 1061 3627 facultatis
1093 3521 1189 3591 fuerit

183 3645 371 3727 accersiti,
397 3645 456 3714 vel
476 3647 619 3715 solvant
636 3669 812 3740 poenam,
849 3646 879 3713 si
901 3669 972 3715 uon
994 3647 1158 3731 ‚venerint
1178 3668 1189 3715 ι

181 3744 605 3844 vocatiouem'indictam
655 3770 779 3839 Etiam
800 3769 897 3857 quod
921 3769 967 3838 de
989 3768 1144 3869 concilio
1162 3788 1188 3843 ,ι

185 3888 438 3958 convocatione
458 3900 626 3983 proterve
648 3894 708 3959 vel
723 3890 1019 3975 contemtibiliter
1037 3911 1108 3957 non
1126 3911 1189 3977 rec

184 4011 322 4081 daut
293 4033 371 4099 siue
390 4011 540 4082 licentia
564 4014 691 4115 decani
711 4015 864 4109 speciali
887 4014 949 4086 sub
974 4032 1098 4105 poena
1102 3996 1189 4125 ιιιιι

182 4157 393 4232 grossorruu.
