2714 4740
93 303 311 401 unsrun.
751 310 753 315 ¹
1077 310 1122 377 cr

49 507 101 577 du
122 489 350 596 magisterii,
378 499 410 593 si
450 501 570 572 bursas
599 497 791 591 solverint,
814 527 852 576 se
881 528 954 575 esse
983 513 1020 576 nt
1044 532 1119 577 nra·

10 648 18 669 ¹
45 631 203 726 gistros
248 634 307 702 aut
338 624 558 718 baccalarios
592 623 829 727 exhibentes,
861 639 944 697 tunc
968 630 1120 702 facultas
1212 660 1215 665 ·

46 754 183 822 solvet
205 773 276 842 pro
298 748 443 835 eisdem,
468 748 518 817 uti
546 771 614 840 pro
638 749 845 839 magistris3
872 752 959 819 item
984 776 1120 845 paupe·

46 897 111 945 res
144 871 352 941 baccalarii
375 869 495 938 rotulo
521 867 669 938 inscribi
693 869 845 970 debent,
861 871 892 938 si
916 874 1121 964 postulave-

10 1066 26 1091 Ι,
46 995 144 1078 rint,
170 991 388 1087 promissuri
416 990 632 1060 solutionem
663 992 808 1061 duorum
830 994 1044 1065 florenorum
1068 993 1121 1062 fa·

50 1114 208 1198 abaci,
247 1114 446 1203 quamcito
475 1112 638 1181 venerint
671 1112 718 1186 ad
746 1114 925 1182 fortunam
957 1100 1121 1206 pinguio-

40 1262 147 1322 rem,
172 1259 323 1327 quorum
341 1233 484 1303 nomina
512 1235 649 1303 debent
669 1236 878 1329 specialiter
891 1236 928 1305 iu
939 1236 1037 1322 libro
1059 1259 1121 1307 no·
1205 1226 1219 1239 ⁹

55 1361 134 1429 tari
167 1358 450 1450 compromisso
476 1356 574 1425 facto
604 1355 785 1426 facultati.
837 1357 930 1427 Item
962 1382 1033 1452 pro
1059 1362 1121 1429 ab·

55 1480 233 1550 sentibus
261 1477 376 1546 iidem
405 1477 563 1560 faciant,
594 1479 652 1568 qui
682 1478 818 1547 faciunt
852 1503 911 1548 eos
933 1481 1051 1549 ‘scribi
1074 1485 1123 1550 ad

54 1599 236 1693 rotulum,
261 1606 298 1670 ut
321 1598 456 1667 faciant
486 1621 537 1680 ca,
563 1598 610 1664 ad
638 1620 725 1686 quae
757 1599 868 1670 ceteri
900 1599 1122 1690 obligantur.

65 1723 123 1790 Et
156 1720 231 1789 hoc
265 1728 431 1792 statutum
467 1721 506 1788 in
535 1720 709 1790 decanatu
749 1696 845 1813 mag.
884 1719 1050 1790 Mathiae
1077 1721 1123 1791 dc

12 1898 21 1909 .
60 1843 256 1935 Legenicz
291 1843 565 1935 interpretatum
602 1844 691 1926 fuit,
724 1845 817 1932 quod
849 1845 1005 1934 quilibet
1039 1847 1122 1915 talis

1211 1902 1222 1937 i

22 1956 27 1961 ¹
55 1975 159 2036 esset
188 1989 367 2058 praesens,
393 1967 451 2056 qui
471 1968 672 2037 recessisset
700 1968 747 2036 ad
766 1964 888 2059 partes
916 1961 965 2057 *)‚
991 1976 1027 2035 et
1051 1990 1124 2037 non
1216 1984 1218 1988 ’

58 2087 223 2158 baberet
244 2087 296 2154 ibi
326 2087 437 2156 lixum
463 2098 601 2171 statum,
621 2099 659 2159 ut
680 2114 750 2159 non
783 2090 1002 2159 resideret
992 2112 1030 2158 ιιι
1060 2092 1123 2159 be·

61 2205 219 2291 nasucio,
243 2207 302 2273 sel
326 2231 397 2276 non
415 2220 559 2305 regeret
573 2208 728 2291 scholas,
744 2234 815 2278 non
836 2211 1012 2297 obstante,
1026 2195 1125 2298 quod

61 2327 183 2395 etiam
220 2324 346 2396 luisset
382 2331 507 2399 absens
536 2354 602 2423 per
637 2331 797 2399 medium
829 2353 959 2397 annum
982 2330 1041 2400 vel
1061 2359 1122 2402 an·
1185 2371 1187 2376 ·

66 2472 169 2533 ιιιιιιι,
203 2439 437 2523 dummodo
427 2475 464 2520 ιιι
493 2454 712 2522 conscientia
741 2475 803 2520 sua
842 2452 1002 2538 diceret,
1031 2455 1125 2541 quod

10 2656 13 2667 Ι
61 2593 212 2665 semper
232 2571 413 2644 habuisset
433 2576 589 2642 animum
609 2575 793 2657 redeundi,
820 2584 857 2642 et
885 2574 981 2664 quod
998 2572 1054 2642 ‘r'es
1087 2585 1125 2646 ot

64 2696 188 2768 libros
210 2718 286 2765 suos
303 2719 324 2763 a
339 2700 457 2768 studio
477 2722 547 2767 non
573 2701 811 2792 deportasset,
836 2707 873 2767 et
895 2720 964 2792 pro
983 2699 1050 2765 tali
1071 2698 1123 2769 fa·

10 2848 13 2857 ’
63 2824 187 2893 cultas
213 2821 354 2890 solvere
376 2823 499 2894 debet.
537 2824 578 2893 si
609 2847 692 2893 vero
715 2827 920 2895 recessisset
940 2833 1023 2894 ante
1039 2837 1165 2911 octus
1221 2902 1224 2907 ,

64 2949 144 3016 dies
174 2948 299 3013 sumtis
331 2968 448 3017 secum
477 2946 583 3015 libris
619 2958 656 3014 et
689 2948 868 3031 uestibus,
896 2957 933 3016 et
964 2925 1153 3048 adimatur
1174 2927 1305 3051 {urbs

62 3067 278 3139 manendi
267 3091 306 3136 ιιι
333 3069 495 3163 partibus
535 3068 722 3154 habuerit,
766 3071 894 3137 absens
926 3079 1192 3167 reputetur

61 3189 162 3259 Item
189 3187 418 3258 existentes
408 3212 444 3258 ιιι
471 3191 589 3282 Praga
610 3214 681 3259 uon
709 3191 872 3282 legentes
895 3181 1200 3302 otdrutaustrns
1191 3154 1278 3249 l

61 3336 129 3382 nec
155 3310 383 3403 disputantes
410 3313 612 3398 ordinarie,
647 3337 713 3385 nec
736 3313 891 3384 eoncilia
925 3298 1218 3445 bulbul&

65 3443 147 3517 runt
171 3434 341 3511 absentes
361 3439 526 3531 reputati

65 3998 367 4023 -.-——=-—n

96 4085 132 4167 *)
154 4097 255 4149 Extra
275 4090 409 4171 Pragam.
517 4110 521 4117 “
