2700 4732
104 227 211 296 liubr.
236 223 278 292 X·
1058 236 1120 304 121

65 435 123 494 ter
155 445 200 492 ex
228 419 382 510 antiquis
412 416 697 490 intimationibus
725 418 907 489 observari
934 425 1116 519 prioribus

67 548 168 621 annis
190 550 370 636 repertum
394 548 461 608 est.
628 636 630 643 Ι

163 665 266 739 lstud
295 671 459 733 statutum
486 658 555 729 fuit
586 661 809 755 publicatum
843 675 880 734 et
911 667 1113 740 intimatum

68 791 132 866 nb
156 788 348 861 decanatus
376 782 516 878 sigillo.

189 1015 193 1021 ·
265 986 326 1066 De
349 983 586 1086 disputatione
609 980 902 1070 baccatariorum.

136 1232 139 1237 ,
187 1159 279 1253 Quia
312 1155 591 1227 baeoalariorum
619 1156 807 1263 plerique,
848 1169 885 1229 et
916 1165 1114 1257 praecipue

60 1278 206 1355 'scholas
226 1290 403 1373 regentes,
426 1279 524 1348 cirea
544 1280 595 1379 sui
623 1278 885 1373 disputationes
911 1285 1113 1357 ordinarias

71 1402 397 1495 Qudragesimales
424 1408 461 1468 et
491 1380 648 1488 reliquas
672 1420 927 1492 saepenumero
951 1400 1110 1480 diffibul-

12 1612 14 1635 .
70 1527 210 1608 tabant,
238 1527 336 1611 ejus,
368 1522 463 1612 quod
493 1544 560 1617 per
593 1522 774 1593 biennium
805 1547 842 1593 se
871 1525 1111 1618 disputaturos

67 1647 305 1744 promiserint,
324 1646 517 1717 occasionis
534 1655 787 1730 asseverantes,
806 1670 844 1716 se
864 1670 935 1717 uon
956 1651 1110 1743 amplius

65 1768 109 1837 ed
130 1767 371 1861 disputamina
405 1766 483 1834 fore
513 1768 719 1851 obstrictos,
753 1767 846 1838 unde
872 1768 1108 1862 interpolatio

59 1886 171 1957 fiebat
207 1887 489 1982 disputationum
519 1896 556 1955 et
587 1889 793 1982 neglectus3
829 1889 982 1981 proinde
1013 1912 1106 1960 anno

61 2007 205 2079 Domini
237 2008 350 2081 1471.
385 2002 445 2076 die
472 2011 533 2080 26.
568 2009 696 2077 mensis
723 2006 892 2079 Octobris
920 2012 958 2079 in
992 2014 1104 2107 plena

56 2133 310 2228 magistrorum
333 2131 614 2223 congregatione
635 2132 673 2199 in
695 2134 872 2202 decanatu
891 2158 985 2227 mag.
1013 2135 1103 2207 Gre-

56 2256 154 2350 gorii
171 2254 360 2346 Pragensis
384 2251 480 2320 faeta
500 2252 565 2319 sub
586 2251 656 2319 hao
677 2250 817 2326 forma:
846 2255 1030 2346 Magister
1047 2281 1101 2328 re·

53 2368 237 2455 verende!
262 2377 340 2445 sitis
374 2374 483 2442 hodie
518 2374 609 2443 hora
638 2376 696 2445 17.
729 2375 767 2442 in
790 2374 970 2474 facultatis
998 2381 1101 2448 stuba

52 2502 102 2572 td
134 2501 442 2593 interpretandum
486 2506 655 2567 statutum
690 2498 786 2567 eirca
824 2496 1101 2590 disputationem

51 2623 334 2694 baccalariorum
358 2623 421 2691 sub
443 2644 571 2716 poena,
590 2628 698 2714 prout
719 2626 755 2688 et
775 2621 929 2690 honesto
949 2630 985 2688 et
1005 2645 1099 2693 eom·

51 2746 161 2820 modo
190 2745 430 2815 universitatis
454 2744 625 2813 inservire
648 2743 819 2814 debeatis.
857 2745 1033 2815 statutum
1054 2745 1100 2814 il·

49 2868 118 2939 lul
137 2869 188 2936 ita
210 2868 435 2939 concorditer
458 2880 511 2940 est
532 2869 818 2962 interpretatus,
839 2871 936 2960 quod
953 2869 1100 2961 dispen·
1214 2869 1217 2876 '

49 2999 143 3068 satio
164 2999 248 3066 talis
269 2997 314 3065 ad
338 3022 396 3067 eos
420 2996 592 3066 duntaxat
616 2985 840 3075 estendatur,
862 2993 932 3080 qui,
955 3002 1097 3086 postea·
1187 3000 1195 3008 '

46 3142 157 3212 quum
186 3144 256 3215 pro
277 3119 393 3210 gradu
410 3116 679 3211 responderint,
707 3115 766 3184 vel
795 3112 989 3217 examinati
1016 3133 1098 3204 gra·

20 3245 134 3316 'dun
145 3243 400 3312 baccalariatus
411 3241 642 3336 arripuerint,
664 3258 746 3308 mox
762 3237 956 3307 abscedere
978 3242 1096 3306 tenta·

46 3367 147 3437 baut.
202 3364 411 3438 Conclusum
432 3365 551 3456 itaque
574 3373 626 3431 est
651 3365 689 3432 in
710 3360 778 3429 tali
802 3361 1094 3454 congregatione,

46 3486 142 3578 quod
172 3510 194 3554 a
214 3485 320 3555 modo
346 3509 466 3555 omnes
497 3494 534 3554 et
561 3484 695 3578 singuli
724 3480 940 3568 baccalarii,
973 3454 1093 3572 quoad

46 3607 142 3701 apud
160 3608 422 3680 rmiversitatem
434 3609 718 3703 perduraverint,
737 3607 814 3677 sive
827 3603 968 3676 scholas
987 3626 1088 3676 rese·

46 3728 133 3813 rint,
162 3730 240 3798 sive
270 3731 308 3798 in
339 3731 453 3803 bursis
471 3731 744 3826 permanserint,
773 3727 871 3801 omni
902 3727 1089 3796 occasione

46 3848 190 3921 ademta
221 3872 259 3918 se
279 3851 505 3944 obtingentes
528 3827 736 3943 neutiquam*
749 3848 937 3942 negligant
961 3844 1085 3935 dispu-

48 3968 290 4054 ortonensis
321 3981 440 4042 tamen
458 3958 635 4059 exemtis,
663 3973 726 4064 qui
759 3994 796 4042 se
824 3969 908 4038 aliis
930 3964 1090 4061 ‘negotiis
