2714 4740
1049 260 1106 352 1⁶ss

43 453 215 545 ntiquos
245 448 333 554 sle,¹
352 457 393 528 ut
414 445 660 546 brredloitrr,
683 449 793 524 finire
816 469 898 535 'non
929 455 1109 538 ¹valeret·

44 576 112 651 bio
140 575 293 648 eundem
324 597 385 648 acu
419 572 581 660 cosdem,
613 573 683 642 nisi
714 574 824 645 fauerit
852 577 899 646 de
923 584 1112 650 consensu¹

44 700 265 783 facultatis,
302 698 426 790 legere
447 698 518 768 non
541 707 761 795 praesumat,
796 700 932 770 debent
953 720 1112 791 qmqns'·

45 845 175 910 omncs
205 822 295 896 libri
327 821 538 895 Aristotelis
566 843 633 891 uns
659 843 737 893 etun
764 821 1117 914 geometricalibus,
1160 817 1169 829 “
1202 869 1206 876 .

45 944 399 1026 minmortalibus,
441 944 772 1027 astronomicalibus
799 951 836 1013 et
867 945 1143 1028 musicalibus»,

46 1069 243 1141 mundum
272 1068 570 1141 deliberationem
601 1067 849 1159 magistrorum
880 1056 1105 1158 regentium,¹

44 1224 108 1276 scu
122 1228 196 1300 pro
220 1201 288 1273 illo
310 1212 403 1269 anno
424 1220 552 1291 regere
569 1199 777 1284 volentiam,
802 1198 1000 1307 interillos
1021 1197 1093 1265 dis-

43 1327 161 1399 tribui
192 1332 265 1400 lm
294 1324 356 1392 die
396 1319 625 1415 Septembris
661 1320 805 1415 taliter,
841 1320 935 1408 quod
971 1344 1121 1393 omnes·

44 1448 255 1535 ordinarie,
279 1452 385 1538 prout
408 1443 583 1531 sequitur,
610 1440 801 1524 finiantur,
828 1451 868 1510 et
888 1445 1095 1532 quicumque
1119 1469 1122 1475 ·

44 1567 306 1661 magistrorum
338 1564 462 1632 eadem
480 1562 540 1630 die
562 1562 805 1634 distributioni
828 1586 900 1633 non
925 1565 1095 1642 interfue.
1118 1582 1135 1621 ·.

44 1687 120 1772 rit,-
144 1687 207 1754 vel
225 1686 377 1756 caruerit
397 1681 550 1768 babitu,
576 1681 696 1752 looum
722 1684 871 1756 amittat
906 1688 1125 1772 secundum'

45 1810 186 1884 sonimn
204 1809 423 1880 ordinarium
450 1807 623 1898 eligendi.
882 1879 886 1886 ,
1049 1901 1052 1904 ἢ

142 1933 419 2005 annonantur
453 1935 564 2007 1370.
595 1931 654 2000 die
688 1934 748 2008 30.
781 1937 993 2011 Decembris
1020 1965 1094 2011 ma·
1124 1966 1127 1974 ’

47 2054 157 2146 gistri
173 2056 354 2127 facultatis
372 2058 502 2127 artium
524 2057 765 2128 conciliariter
782 2064 993 2155 congregati
1009 2087 1094 2132 con·

50 2174 271 2259 siderantes,
296 2197 341 2244 ex
364 2178 526 2269 pluribus
547 2176 711 2245 conciliis
731 2179 973 2271 praehabitis,
1001 2181 1094 2272 quod

52 2301 151 2388 iuxta
167 2300 328 2390 priorem
356 2298 619 2369 ordinationem
638 2298 896 2368 distributionis
921 2303 1093 2370 librorum

54 2420 250 2491 ordinariae
273 2421 429 2492 lecturae
458 2443 529 2490 non
550 2420 740 2513 expediret
757 2421 872 2489 studio
895 2446 960 2492 nec
981 2425 1092 2498 facul-

57 2540 144 2626 tati,
159 2544 274 2633 ·quod
304 2544 458 2634 quilibet
480 2544 652 2621 librorum
674 2545 933 2616 ordinariorum
955 2553 1096 2628 tantum

61 2679 122 2750 per
140 2683 241 2735 unum
258 2664 466 2756 magistrum
485 2668 687 2759 legeretur,
712 2668 778 2736 sed
799 2671 921 2761 potiris
947 2693 1092 2762 compe·
1121 2694 1125 2703 ·

63 2783 148 2853 ierat
165 2787 341 2859 communi
363 2784 548 2871 facultati,
583 2798 623 2858 ut
653 2787 720 2857 fiat
748 2790 977 2870 moderamen
1008 2812 1093 2858 oon·
1123 2816 1129 2832 ι

67 2907 269 2982 ementium
290 2907 463 2982 librorum
486 2916 522 2976 et
541 2910 761 2995 lectionumt
787 2910 898 2978 talem
929 2908 1092 2992 ordinem
1123 2938 1127 2945 ·

68 3029 99 3086 tl
123 3030 399 3120 moderationem
426 3034 636 3102 unanimiter
667 3040 882 3118 statuerunt,
909 3031 1092 3118 videlicet,

70 3148 149 3229 ‘istd
167 3154 312 3243 antiqua
335 3163 372 3221 et
400 3156 521 3246 priore
540 3155 763 3223 ordinatione
783 3177 849 3244 per
874 3151 992 3219 omnia
1020 3177 1092 3225 ser÷

10 3274 13 3295 ¹
73 3278 156 3354 vata,
179 3274 268 3345 sicut
292 3275 499 3366 conscripta
522 3285 594 3360 est,
620 3275 760 3343 licitum
787 3275 833 3340 sit
852 3272 1002 3342 cuilibet
1018 3297 1091 3342 ms÷
1122 3300 1127 3317 ·

69 3369 242 3482 ‘gistrorum
263 3418 341 3484 cum
372 3395 444 3464 alio
477 3419 687 3466 concurrere
716 3418 783 3487 per
810 3393 904 3471 hunc
938 3397 1091 3479 modum,
1128 3438 1131 3442 ·

73 3513 149 3600 quod
161 3515 311 3603 quilibet
328 3518 500 3608 magister
518 3520 640 3585 volens
656 3540 731 3584 esse
750 3526 831 3590 actu
849 3540 978 3609 regens
991 3523 1091 3604 juxta
1200 3581 1202 3585 ,

73 3636 312 3710 ordinationem
330 3639 510 3728 antiquam
533 3640 646 3730 eligat
665 3641 735 3707 sibi
753 3643 925 3711 lecturam
946 3642 1089 3710 ordinae

73 3757 163 3848 riam,
187 3782 260 3851 qua
278 3763 413 3848 electa,
441 3763 472 3829 si
495 3762 646 3829 voluerit
668 3785 746 3831 cum
766 3763 839 3830 alio
862 3785 1088 3858 concurrere,
1127 3786 1131 3800 ·

73 3892 157 3974 potat
172 3886 241 3955 sibi
266 3884 312 3957 de
331 3883 503 3965 hoefieri
523 3884 831 3965 convocationem,
857 3883 896 3949 in
916 3905 983 3969 qus
1005 3904 1089 3951 οοιι-ι

73 4007 236 4079 vocatione
259 4005 460 4100 promittat,
472 4005 536 4074 sub
552 4003 727 4095 promisso
745 4002 907 4086 facultati
926 4017 1090 4096 tempore
1144 4043 1145 4046 ¹

73 4129 288 4210 promotionis
318 4128 379 4196 vel
407 4125 625 4216 receptionis
656 4146 737 4196 suae
769 4101 968 4217 praestito,
994 4126 1128 4217 quod.-

75 4247 271 4337 ⁰¹d³s³riso
297 4271 393 4339 suus
425 4247 515 4335 uelit
541 4246 706 4335 fideliter
744 4249 981 4334 continuere,
1025 4269 1129 4334 nro-1·
1219 4323 1221 4328 .
