2714 4740
156 310 201 380 5⁰
784 275 793 285 ψ
906 307 908 312 ’
988 261 1222 395 nutriit-s

162 511 414 613 aequivaleust
439 533 547 609 super
564 513 641 585 istis
664 521 785 584 tamen
805 517 945 609 poterit
967 491 1122 591 facultas
1143 511 1218 589 dis·

162 665 313 738 pensare
340 663 420 710 oum
447 658 625 732 paupere,
647 641 674 706 si
698 639 881 729 rogaverit
908 649 1063 734 propter
1085 643 1217 717 Deum.

161 760 255 834 Item
279 763 373 852 quod
392 760 555 830 visitabit
576 781 644 852 per
667 778 771 830 unum
796 781 924 831 annum
952 740 1214 856 disputationes

100 942 101 949 ,
162 885 464 956 extraordinarias
506 882 756 974 magistrorum
801 885 1083 975 modernorum
1124 886 1213 954 item

162 1010 257 1099 quod
280 1005 442 1100 portabit
461 1001 623 1073 habitum
644 1000 852 1076 &tonsuras
869 1007 1069 1084 clericales.
1112 1005 1214 1079 sltem

161 1129 257 1220 quod
288 1127 411 1197 audire
450 1119 581 1193 debeat
613 1145 753 1218 semper
782 1127 935 1216 aliquem
960 1126 1213 1222 magistrorum

162 1244 357 1328 ordinarie,
377 1244 526 1314 interim*
545 1239 641 1334 quod
663 1255 715 1313 est
736 1243 952 1320 baccalarius
972 1247 1004 1320 lt
1025 1250 1062 1320 in
1083 1246 1215 1346 Frage,

161 1371 291 1441 saltem
309 1376 366 1434 ter
390 1367 428 1434 in
451 1366 662 1458 septimana.
683 1463 685 1469 Ι
714 1365 808 1436 Item
832 1370 925 1459 quod
947 1371 984 1440 in
1004 1372 1133 1448 habitu
1150 1396 1214 1446 suo

160 1489 323 1562 visitabit
353 1500 447 1559 actus
467 1490 665 1575 solemue8‚
690 1487 722 1560 iu
742 1491 1003 1583 disputationes
1020 1498 1214 1590 magistro·

159 1638 257 1699 rum,
295 1634 361 1682 nec
398 1614 556 1701 aliquem
590 1622 711 1685 actum
738 1585 926 1708 publicum
960 1612 1214 1719 scholasticum

57 1786 60 1793 «
161 1739 238 1805 sine
269 1734 397 1824 habitu
426 1731 631 1817 exercebit,
658 1730 742 1810 &si
766 1740 933 1806 continue
954 1749 1027 1810 tres
1051 1743 1214 1835 disputa·

160 1863 277 1927 tiones
301 1855 499 1931 ordinarias
522 1855 726 1945 neglexerit
741 1859 763 1943 ζ
787 1855 837 1928 8ι·
854 1852 899 1926 de
924 1856 994 1928 hoc
1032 1862 1214 1933 convictus

166 1983 286 2064 luerit,
305 2002 457 2073 poenam
476 1977 593 2045 subire
620 1978 710 2045 velit
729 1949 812 2047 octo
833 2001 1033 2072 grossorum
1047 1981 1216 2053 facultati

165 2102 433 2199 solvendorum,
461 2108 520 2170 aut
538 2123 606 2191 per
631 2109 790 2189 quartam
809 2113 952 2194 partem
971 2105 1056 2172 anui
1072 2093 1119 2174 ab
1140 2128 1215 2175 om·

75 2199 83 2216 ⁶
161 2224 267 2291 uibus
288 2224 423 2293 actibus
445 2220 624 2312 suspendi·
655 2221 759 2289 Idem
784 2222 1003 2316 intelligitur
1024 2226 1069 2294 de
1088 2227 1216 2296 bacca·

162 2345 263 2414 lariis
293 2345 417 2429 novis,
450 2353 618 2435 respectu
651 2341 932 2436 disputationum
963 2348 1236 2437 magistrorum'

73 2454 77 2459 ‚
161 2470 422 2540 modernorum
454 2468 548 2536 Item
566 2467 659 2555 quod
680 2491 751 2535 nou
767 2467 857 2534 velit
878 2468 1001 2559 legere
1020 2471 1215 2565 metaphy-

164 2601 275 2665 sicam
299 2618 358 2662 seu
378 2596 490 2664 libros
515 2592 561 2662 de
578 2594 707 2680 maj0ri
735 2592 890 2686 physica
912 2595 1134 2680 Aristotelis
1152 2591 1216 2666 sed

160 2719 344 2810 logicalia,
366 2739 477 2810 parva
499 2713 741 2812 naturalia,&
763 2715 1067 2783 mathematicalia
1088 2716 1214 2807 legere

161 2846 309 2939 poterit,
330 2838 429 2906 salvo
452 2863 505 2919 eo,
532 2837 721 2926 quodcum
743 2836 841 2906 uullo
865 2838 1038 2926 magistro
1051 2838 1054 2840 ’
1067 2858 1213 2905 concur·

160 2974 220 3038 rat
240 2967 278 3032 in
306 2963 473 3054 legendo,
494 2962 562 3028 nisi
582 2959 690 3028 fuerit
714 2958 759 3025 de
779 2957 878 3026 istius
900 2957 1064 3047 magistri
1092 2960 1213 3030 volun·

160 3097 250 3158 tate.
302 3084 397 3153 Item
430 3082 524 3172 quod
560 3103 624 3149 neo
663 3079 788 3170 legat,
825 3100 890 3144 nec
928 3076 1112 3169 disputet,
1149 3099 1213 3148 nec

165 3205 417 3303 pronuntiabit
453 3205 490 3273 in
525 3203 654 3271 diebus
683 3199 842 3284 festivis,
886 3198 956 3266 nisi
997 3219 1104 3300 super
1138 3199 1212 3270 hoc

164 3327 317 3423 speciali
346 3315 497 3396 licentia
522 3349 543 3393 a
573 3324 748 3392 facultate
774 3325 969 3414 impetrata
994 3317 1026 3389 ic
1051 3322 1214 3399 obtenta.

163 3451 258 3521 ltenr
293 3471 364 3519 uon
393 3447 496 3516 dabit
530 3449 679 3539 propria
708 3444 806 3511 dicta
846 3465 950 3533 super
978 3441 1093 3511 libros
1131 3441 1213 3511 Ari·

163 3574 319 3657 stotelis,
345 3575 409 3641 sed
446 3572 543 3638 dicta
571 3569 720 3638 aliorum
748 3565 998 3655 magistrorum
1021 3562 1126 3650 hujus
1155 3562 1217 3631 vel

163 3696 315 3770 alterius
352 3688 801 3792 fasnosaeuniversitatis,
837 3686 976 3753 scilicet
1004 3684 1215 3754 Parisiensis

162 3822 221 3890 vel
247 3818 473 3901 oxoniensis,
498 3813 634 3909 poterit
658 3809 906 3904 pronuntiare,
933 3806 1125 3876 dummodo
1154 3807 1217 3875 de·

162 3966 250 4013 cano
286 3939 558 4036 praeostendat‚
588 3942 626 4007 ut
656 3935 845 4015 videatur,
873 3930 904 3997 si
932 3913 1004 3999 sint
1029 3937 1217 4011 correcta,

164 4073 196 4146 8a
227 4070 298 4137 sint
325 4065 420 4134 dicta
456 4061 572 4145 istius,
599 4059 653 4129 cui
681 4055 875 4147 adscripsit
904 4072 967 4140 ea3
994 4053 1084 4120 item
1118 4047 1217 4138 quod

164 4219 236 4270 non
262 4192 365 4280 legat
392 4205 513 4255 coram
538 4205 610 4251 non
644 4179 838 4250 intitulatis
867 4175 1035 4257 discoliss
1063 4173 1125 4264 qui
1146 4170 1218 4241 sibi
