2714 4740
957 217 1282 335 ..11

139 476 209 525 rum
229 457 449 539 memoriam,
469 450 570 523 -hinc
595 448 639 521 ab
667 444 900 527 anno-1453.
918 444 1139 523 decanorum
1165 477 1284 526 «manu

143 557 191 628 vel
220 565 427 627 auctoritate
461 558 719 648 consignatam,
740 560 794 636 ,et
826 556 859 623 si
883 557 1002 625 minus
1026 560 1204 644 novitate,
1247 568 1284 629 at

141 652 331 767 cestimdme
356 667 394 728 et
418 656 581 728 claritate
603 658 792 748 insignem.
1167 658 1172 667 '

162 938 165 945 Ι
234 866 370 950 Rerum
396 853 483 930 ordo
509 862 547 926 in
573 847 697 924 codiee
721 861 963 950 manuscripto
988 858 1049 929 hic
1074 867 1147 936 ests
1184 865 1284 934 Prae·
1344 886 1347 891 ·

145 961 232 1028 misso
253 954 453 1033 calendario
481 954 527 1029 ad
550 950 760 1026 indicandos
786 952 879 1042 dies,
914 959 1045 1050 quibus
1070 966 1218 1057 negotiis
1243 962 1284 1030 li·
1340 1012 1343 1017 -

146 1066 261 1133 teruiis
283 1065 343 1136 vel
362 1053 657 1158 periungendum
677 1057 737 1129 vel
752 1057 1002 1133 abstinendum
1014 1075 1115 1151 esset,
1129 1085 1283 1154 sequun-

145 1171 191 1233 tur
217 1173 286 1236 tres
321 1165 502 1238 formulae·
520 1159 790 1246 testimoniales,
826 1183 914 1253 quas
946 1172 1077 1234 statuta
1102 1161 1282 1259 quaedam

148 1269 323 1359 excipiunt.
374 1271 439 1339 llis
465 1265 654 1354 subjuncta
687 1271 742 1332 est
764 1270 871 1333 series
897 1259 1113 1337 decanorum
1138 1265 1284 1337 faculta-

145 1369 181 1435 tis
206 1367 398 1439 artium-nb
424 1388 519 1438 enno,
541 1367 654 1438 1867.
677 1361 863 1456 usquead
887 1390 1018 1438 annum
1045 1372 1155 1447 1619.
1204 1373 1283 1441 lam
1338 1360 1341 1375 ¹

144 1465 358 1561 praecedente
381 1471 576 1545 summario
610 1463 765 1537 rubricis
789 1473 1006 1562 punctisque
1031 1466 1198 1541 distincto
1224 1493 1282 1543 ex·

123 1568 290 1643 'bibentur
313 1579 446 1643 statuta
471 1567 663 1654 facultatis,
688 1592 708 1639 a
733 1563 869 1640 decano
894 1571 1028 1644 Mathia
1055 1566 1101 1641 de
1125 1575 1281 1667 Legnioz

145 1664 261 1869 Sim
294 1677 332 1749 9.
358 1672 524 1747 Octobris
562 1669 694 1741 electus
728 1689 768 1764 p.
794 1667 903 1763 265.)
943 1682 1121 1759 correcta,
1156 1671 1281 1745 ordino

168 1777 174 1793 ⁸
284 1783 323 1846 et
346 1779 568 1868 eonscripta,
606 1793 763 1866 quorum
796 1778 834 1843 in
868 1773 938 1843 tine
963 1781 1118 1869 epitome
1157 1800 1284 1857 eorun-

145 1868 214 1946 dem
236 1899 326 1949 anno
354 1875 466 1952 1528.
492 1875 640 1945 collecta
665 1879 816 1956 existit„
846 1879 978 1970 Incipit
995 1871 1151 1972 denique
1174 1885 1283 1975 regis-
1317 1870 1322 1880 ’

145 1984 225 2051 trum
253 1974 388 2050 ordinis
421 1972 677 2072 graduatorum
700 1983 739 2049 in
766 1976 925 2064 artibus,
957 1975 1056 2071 quod
1082 1975 1129 2051 ad
1151 2002 1284 2053 annum

145 2081 376 2186 1111191585.
403 2080 565 2175 religiose
591 2084 840 2149 continuatum
865 2103 939 2151 esse
965 2077 1174 2177 gaudemus.

235 2287 361 2355 Restat
379 2291 425 2353 ut
439 2277 485 2352 de
500 2279 656 2352 editione
677 2290 793 2351 nostra
816 2302 927 2368 pauca
944 2308 1163 2356 moneamus.
1190 2279 1284 2360 Cum

147 2372 259 2454 codicis
290 2389 402 2457 nostri
435 2388 612 2478 scripturn
647 2378 943 2477 compendiorum
969 2387 1193 2477 plenissima,
1226 2410 1282 2458 or·

147 2481 333 2580 thogrnphia
357 2482 551 2557 admodum
569 2483 710 2557 diversa
733 2494 770 2555 et
786 2488 996 2576 inconstans,
1021 2496 1150 2581 passim
1175 2494 1283 2563 eiiam

148 2589 304 2660 erroribus
332 2585 525 2683 depravata
558 2592 787 2662 inveniatur:
823 2592 944 2658 visum
977 2599 1041 2676 est,
1064 2616 1109 2665 ne
1139 2588 1285 2686 legendi

149 2678 317 2761 difficultas
351 2698 426 2762 sine
460 2691 585 2775 {ructu
611 2700 801 2785 augeatur,
837 2699 964 2761 cuncta
992 2687 1039 2763 sd
1072 2688 1283 2767 hodiernam

148 2787 306 2863 scribendi
336 2799 511 2865 rationem
543 2811 736 2879 revocure,
771 2797 925 2885 exceptis
959 2798 1162 2871 nominibus
1192 2816 1282 2892 'pro-
1327 2793 1330 2805 '

145 2895 227 2982 priis,
253 2907 360 2990 utque
384 2904 426 2965 ut
450 2905 593 2988 reperta
619 2905 723 2982 sunt,
750 2904 800 2966 ita
826 2915 972 2989 quoque
996 2893 1168 2983 redditis3
1201 2923 1282 2993 per·

103 3084 105 3091 Ι
146 3011 290 3067 mnarum
316 3003 435 3068 tamur
452 2998 758 3092 praenominibus,
783 3007 825 3066 ut
850 3006 954 3073 sunt:
980 3000 1163 3083 lohannes,
1186 3003 1280 3074 Cun·
1352 3076 1355 3083 ,

144 3089 234 3168 radus
245 3149 257 3187 ,
281 3099 481 3186 Micbahel,
506 3096 716 3170 Berhtoldus
741 3096 809 3170 (do.
841 3104 880 3169 in
914 3104 1097 3173 usitatiora
1130 3106 1281 3189 loannis,

144 3195 277 3271 Conradi
289 3253 300 3286 ,
334 3200 544 3289 Michaelis,
568 3198 751 3273 Bertholdi
777 3195 847 3280 (dc.
874 3208 1063 3278 conversis.
1114 3209 1282 3276 Ceterum

143 3299 348 3375 invooibus
379 3325 498 3396 ‘saepe
537 3306 803 3379 recurrentibus
839 3305 1069 3396 sequentibus
1103 3304 1280 3378 scribendi

103 3458 107 3479 .
144 3398 344 3501 compendiis
368 3411 422 3475 uti
445 3405 601 3497 placuit:
1207 3436 1212 3447 ‘

218 3522 257 3610 d,
314 3529 391 3624 lege
409 3523 522 3609 dedu,

220 3625 283 3702 dd.
339 3660 391 3688 -ι
415 3626 601 3711 dederunt.

219 3727 297 3811 det.
336 3770 387 3792 ·-
413 3729 673 3805 determinavit.

98 3908 100 3913 ,
219 3830 306 3913 dett.
333 3869 385 3891 -
410 3833 742 3908 determinaverunt.

98 4000 100 4005 .
221 3960 316 4030 mag.
341 3973 391 3990 -
415 3944 581 4033 magister
606 3947 642 4010 in
666 3937 829 4057 qmuibus
855 3941 944 4032 sing.
970 3960 1067 4009 num.
1094 3940 1242 4014 casibus.

136 4069 140 4076 ·
222 4043 388 4130 rugei-
411 4046 581 4136 magistri,
1231 4052 1234 4057 '
