2700 4732
58 450 108 515 ter
127 438 268 535 nomine
288 438 340 513 sul
363 437 479 512 officii
509 441 642 514 lmlseat
672 443 849 535 impetere
879 445 980 532 juxte
1007 459 1082 509 mo·

58 566 131 639 tm
149 586 208 635 seu
226 564 354 633 modos
374 585 479 659 supra
500 566 628 637 dictos.
728 617 734 626 ι

138 683 232 757 Item
252 684 381 756 eodem
403 711 495 758 anno
514 688 710 782 primodie
732 690 862 760 mensis
882 688 976 778 Maji
1000 710 1082 761 con·

59 812 202 887 orditer
223 811 293 884 fuit
312 813 537 895 conclusum,
573 815 666 904 quod
687 814 724 882 in
750 815 912 883 omnibus
932 835 1084 905 congre·

59 936 243 1031 gationibus
262 936 337 1006 sive
357 933 593 1005 universitatis
613 937 685 1003 sive
704 934 908 1019 facultatis,
936 933 998 1003 ubi
1011 959 1083 1003 ma·

60 1054 172 1149 gitltos
191 1058 321 1128 artium
343 1056 522 1148 contingit
543 1057 742 1153 convenire,
760 1056 909 1128 decanus
928 1059 1083 1150 primum

61 1182 163 1253 lotum
180 1179 315 1252 hebeat
335 1183 431 1251 inter
451 1180 567 1251 dictos
588 1181 805 1272 magistros,
831 1181 1080 1276 disputationi.

61 1308 109 1381 liu
126 1306 395 1403 theologorum,
430 1305 632 1393 juristarum
654 1315 692 1374 et
716 1309 934 1381 medicorum
958 1311 1080 1384 dunta-

9 1420 19 1569 J
60 1431 300 1525 interceptis,
325 1429 389 1498 ubi
410 1429 559 1503 decanus
580 1433 681 1517 juxta
712 1433 955 1525 praesidentis
984 1437 1081 1505 ordi·

10 1572 16 1605 t
61 1555 217 1627 ationem
241 1552 371 1624 seriem
396 1555 517 1646 capiat
534 1556 720 1646 arguendi.

57 1738 61 1745 .
135 1670 240 1753 Anno
265 1676 412 1751 Domini
432 1679 541 1754 1389.
578 1681 640 1752 22.
673 1679 733 1748 die
765 1679 894 1751 mensis
927 1681 1021 1767 Maji
1043 1681 1081 1749 iu

63 1800 213 1875 decanatu
233 1802 400 1896 magistri
427 1803 576 1874 Joannis
602 1805 777 1897 Helcopii
802 1805 901 1877 faeta
923 1827 1077 1897 congre·

62 1926 181 2020 mnne
209 1924 390 2000 facultatis
411 1912 477 1995 fuit
496 1929 702 1999 conclusum
726 1931 764 1999 in
787 1934 899 2025 pleno
925 1928 1082 2001 concilio

63 2049 239 2137 lmultatis,
264 2051 365 2120 nullo
383 2051 663 2138 contradicente,
690 2053 783 2142 quod
801 2055 975 2125 deberent
995 2051 1096 2122 fieri

62 2169 114 2241 luo
138 2196 228 2244 noua
258 2173 385 2267 sigilla
407 2185 598 2268 argentea,
635 2175 808 2245 videlicet
834 2176 1021 2253 facultatis
1046 2186 1083 2249 et
1172 2163 1175 2170 ⁴

64 2291 237 2368 leomans-

131 2421 235 2493 Anno
256 2419 403 2523 Domini
418 2424 527 2499 1367.
549 2424 700 2494 secunda
713 2424 772 2492 die
792 2423 895 2493 Junii
910 2424 978 2498 fuit
1000 2451 1082 2496 con·
1107 2430 1204 2484 abro-

63 2538 195 2611 tonliter
214 2552 401 2629 statutum,
426 2546 522 2636 quod
543 2546 676 2638 singuli
701 2546 871 2637 magistri,
892 2555 928 2616 et
954 2549 1078 2620 bacca.
1092 2523 1202 2586 garum.

59 2652 128 2729 luet
143 2662 188 2731 ad
210 2663 333 2732 missas
356 2666 594 2740 universitatis
613 2675 649 2734 et
674 2666 721 2734 ad
743 2667 863 2739 missas
885 2671 1079 2742 animarum

59 2782 149 2853 etad
173 2792 273 2854 actus
294 2784 470 2854 solemnes
489 2787 682 2872 facultatis,
702 2788 842 2858 scilicet
865 2789 910 2858 ad
921 2791 1079 2882 disputa·
1144 2851 1151 2863 .

56 2905 147 2977 tiouoe
174 2914 443 3003 magistrorum,
480 2919 517 2977 et
546 2910 683 2999 quando
714 2917 790 2999 qu's
825 2912 1080 2982 baccaleriatrs

55 3030 100 3101 nt
119 3033 320 3125 magisterii
349 3034 501 3126 gradum
524 3033 649 3116 sumit,
684 3035 815 3121 absque
850 3033 999 3101 tabardo
1019 3034 1078 3100 vel

11 3244 13 3259 Ι
51 3142 159 3255 hlitu
176 3153 384 3248 nigratus
403 3155 525 3253 venire
544 3160 580 3222 et
597 3126 674 3223 esse
702 3178 774 3222 non
794 3155 983 3236 debebunt,
1016 3155 1078 3222 sub

33 3268 148 3361 'item
165 3278 379 3370 privationis
395 3276 469 3348 loci
491 3278 674 3347 etordinis
692 3277 763 3344 sibi
783 3276 899 3343 debiti
921 3300 989 3368 pro
1008 3276 1075 3343 illa

49 3390 124 3464 vioe.
154 3396 249 3467 ltem
272 3399 365 3490 quod
385 3400 598 3489 quicumque
621 3398 868 3490 magistrorum
889 3396 936 3463 ad
958 3396 1076 3465 conoi-

48 3504 121 3585 lim
158 3541 222 3589 seu
251 3522 569 3613 congregationem
609 3518 792 3588 facultatis
832 3516 971 3585 uenerit
999 3517 1077 3584 sine

48 3628 177 3727 imin,
202 3664 274 3714 vox
293 3666 354 3713 sua
376 3646 446 3714 erit
471 3643 631 3714 invalida
650 3644 696 3712 ad
715 3639 989 3712 interimendum
1016 3635 1077 3705 vel

48 3764 356 3850 monstrandum,
385 3789 450 3837 nec
471 3767 608 3861 poterit
630 3774 772 3857 partem
791 3782 931 3852 augere.

128 3884 223 3957 item
249 3911 342 3958 auno
369 3891 516 3959 Domini
539 3888 649 3962 1389.
667 3886 726 3954 die
746 3886 806 3959 29.
828 3878 960 3949 mensis
980 3871 1077 3961 Maji
1102 3869 1201 3923 Abro-

49 4000 134 4077 lsotn
165 4010 445 4104 congregatione
482 4009 664 4079 facilitatis
697 4004 888 4076 secundum
922 3996 1074 4095 formam
1091 3960 1201 4025 gum

51 4140 237 4203 mlum
258 4133 296 4203 in
322 4133 498 4203 decanatu
516 4127 679 4222 magistri
713 4125 866 4195 Joannis
895 4112 1072 4207 Helcopii
