2714 4740
252 228 317 303 316

254 425 361 522 gendi
377 423 552 496 lectiones
572 415 611 493 in
628 425 783 517 privato,
809 427 847 490 et
872 420 918 490 ad
941 420 1196 514 corrigendum
1229 426 1306 503 lite-

254 569 311 619 ras
328 543 461 616 dandas
482 568 549 639 per
566 543 796 616 facultatem:
821 564 914 634 mag.
932 541 1140 635 Stephanus
1172 548 1219 617 de
1242 550 1305 621 Pa-

255 669 345 755 leoz,
369 692 464 763 mag.
488 664 696 738 waltherus
725 667 946 738 Harrasuaur
978 668 1106 765 (supra
1134 664 1306 759 Hams.

253 783 341 882 ην),
366 813 463 883 mag.
479 790 637 860 Joanncs
648 785 879 882 Ebbirspaoh
902 796 939 857 ot
954 810 1053 881 mag.
1069 790 1308 893 Marquardus

260 910 465 984 Crineman.

350 1038 473 1119 Auno,
503 1056 573 1124 quo
604 1053 721 1126 supra,
747 1028 807 1099 die
836 1031 897 1104 21.
927 1033 1057 1103 mensis
1086 1034 1308 1111 Novembris

255 1153 408 1229 facultas
426 1160 553 1225 artium
571 1154 792 1249 dispensavit
811 1152 856 1223 do
879 1154 1024 1225 biennio
1045 1180 1134 1229 cum
1145 1162 1309 1233 Sandoro

257 1277 304 1348 ds
329 1254 547 1349 Perlelrerch
568 1286 606 1346 ot
632 1276 701 1345 iste
730 1272 831 1342 dedit
851 1275 1001 1356 bursam,
1042 1279 1095 1350 20
1113 1302 1232 1372 gross.

353 1401 448 1471 ltem
466 1402 502 1474 9.
521 1400 581 1469 die
602 1399 814 1470 Decembris
841 1395 991 1468 facultas
1006 1401 1138 1472 artium
1163 1403 1308 1496 dispeu-

257 1524 350 1595 savit
375 1546 458 1592 cum
489 1521 597 1592 Petro
626 1519 870 1611 'l'uuclringer‚
902 1529 940 1588 et
972 1504 1135 1592 duratio
1154 1534 1310 1617 propter

257 1666 397 1714 cansam
413 1643 615 1738 legitimam
636 1661 733 1710 suam
753 1630 1090 1743 determinationem
1103 1644 1197 1721 ultra
1214 1653 1308 1715 tem·

255 1786 325 1862 pus
348 1767 386 1837 iu
401 1767 543 1834 statutis
567 1786 789 1858 expressum.

354 1885 452 1956 Item
471 1888 597 1956 eodem
622 1886 683 1955 dic
705 1884 860 1954 facultas
880 1885 1063 1979 praediola
1082 1884 1312 1980 dispensavit

135 2050 139 2059 ·
259 2010 316 2078 de·
329 2009 474 2078 biennio
498 2031 577 2079 cunr
593 2008 800 2079 Christiano
830 2008 878 2077 de
901 2008 1079 2080 Zeltswin
1106 2006 1310 2079 secundum

260 2127 413 2200 formam
439 2130 574 2210 statuti.
1112 2204 1115 2209 ,

346 2228 451 2322 'Item
477 2253 538 2325 16.
562 2255 620 2323 die
644 2252 852 2325 Decembris
876 2251 1098 2346 dispensavit
1124 2250 1312 2345 praedicta

260 2371 410 2445 facultas
429 2399 508 2449 oum
524 2375 674 2458 Nicolao
685 2377 832 2468 Crodyn
850 2400 918 2471 pro
936 2376 1115 2445 dilatione
1142 2374 1310 2449 determi-

259 2499 423 2571 nationis.

354 2619 559 2721 Itemanno
580 2621 739 2707 Domini,
765 2642 837 2712 qno
869 2643 989 2721 supra,
1014 2620 1062 2699 9.’
1086 2623 1150 2694 die
1179 2622 1306 2693 mensis

260 2743 470 2814 Decembris
501 2743 609 2811 electi
644 2742 785 2813 fuerunt
823 2744 1081 2814 examinatores
1116 2747 1304 2817 bacculari·

259 2864 429 2933 sudorum
462 2864 508 2934 de
536 2876 687 2954 quatuor
718 2868 932 2959 nationibus,
965 2866 1044 2936 scil.
1074 2893 1176 2964 mag.
1203 2872 1299 2941 doun

261 2988 306 3057 de
331 2987 473 3074 Mutha,
493 3011 591 3080 mag.
616 2991 731 3060 Henr.
746 2991 973 3080 Ribbeuycz,
996 3015 1093 3084 mag.
1112 2995 1220 3066 duan.
1234 2994 1299 3083 Ey-

258 3118 343 3194 stet,
364 3116 401 3176 et
416 3132 510 3201 mag.
527 3112 736 3182 Laurentius
758 3112 902 3195 Storch,
927 3122 966 3179 et
991 3114 1216 3185 admiserunt
1237 3114 1296 3183 hoo

261 3231 389 3301 ordine
425 3232 722 3325 infrascriptos:
759 3234 1012 3328 Engelhardus
1044 3234 1297 3331 Wolfsteyucr,

259 3353 430 3421 Nicolaus
467 3352 515 3422 de
543 3354 779 3448 Podwynye,
822 3358 996 3427 Heurious
1027 3356 1223 3453 Mestelyn
1255 3360 1294 3429 do

258 3472 468 3557 Parcheinr,
514 3476 717 3547 Matthaeus
757 3481 939 3549 Dominici
980 3482 1024 3550 de
1060 3482 1293 3567 wratislauis,

123 3592 126 3597 ’
256 3594 473 3670 Adalbertus
501 3596 549 3666 de
569 3598 785 3693 Smylkow,
819 3599 967 3674 Ulricus
993 3602 1220 3696 Harlatuvr,'
1238 3606 1292 3679 lli·

255 3718 375 3791 colaus
407 3717 576 3813 Kraglre,
612 3721 831 3818 Dyepoldus
861 3723 908 3793 de
945 3724 1161 3817 Wodnano,
1197 3731 1294 3802 Joau.

252 3844 449 3932 Synuonis,
472 3842 648 3914 Heuricus
671 3845 717 3916 de
735 3844 957 3933 Hersfeldia,
982 3848 1142 3923 urceum
1162 3854 1293 3931 Dioren

257 3966 429 4058 Aegidius
458 3957 505 4034 <le
525 3967 663 4059 Prnga,
695 3966 911 4043 qucisous
934 3970 1082 4048 Plauer.
1110 3973 1178 4052 dd.
1210 3973 1292 4052 Gon·
