2700 4732
256 244 322 313 Μ

353 431 446 505 ltem
466 430 592 503 eodem
619 429 681 501 die
707 429 867 503 Mathia
898 432 945 505 de
975 436 1163 508 Montibus
1188 444 1228 506 et
1248 438 1311 509 Ni·

263 558 383 633 colans
404 558 451 625 de
469 557 588 649 Praga
613 554 701 625 dett.
721 556 782 626 snb
800 580 898 654 mag.
919 560 1024 629 Joan.
1044 560 1271 635 Kralswica.

357 676 454 751 Item
483 678 636 748 sabbato
668 686 749 748 ante
778 679 906 753 festum
933 682 1135 753 nativitatis
1152 683 1310 757 ..Ioannis

260 802 450 897 Baptistae
470 790 602 870 electus¹
633 800 703 869 fuit
744 804 782 871 in
816 800 1099 897 congregatione
1117 802 1311 889 ,facultatis

259 952 328 1024 pro
372 924 592 1020 disputando
637 924 682 992 de
724 925 883 1015 quolibet
919 950 1017 1021 mag.
1052 928 1227 1001 Nicolaus
1266 930 1311 1001 de

261 1050 376 1151 Javvir
388 1098 400 1137 ‚
432 1050 490 1140 qui
515 1040 641 1117 eodem
662 1046 719 1117 die
740 1058 822 1116 ante
842 1072 1005 1121 occasum
1028 1054 1116 1123 solis
1132 1078 1222 1125 onus
1241 1054 1312 1125 (lisa

260 1173 417 1273 putandi
448 1172 495 1242 dc
526 1172 690 1262 quolibet
719 1174 782 1241 sub
807 1173 877 1243 ista
903 1173 1111 1245 conditione
1143 1188 1310 1273 accepta·

259 1301 328 1395 vit,
364 1296 460 1388 quod
482 1294 513 1363 si
546 1294 699 1364 facultas
719 1317 790 1365 non
808 1305 920 1365 staret
941 1306 1109 1368 contenta
1131 1302 1180 1371 (le
1207 1320 1309 1369 excu-

220 1506 223 1517 ‚
258 1423 395 1495 satione
412 1441 475 1488 soa
502 1421 540 1487 in
561 1418 832 1505 convocatione,
854 1443 957 1509 quam
981 1420 1114 1513 petivit
1134 1422 1207 1492 sibi
1224 1418 1310 1492 lieri

262 1543 323 1614 die
342 1541 517 1634 sequenti,
548 1550 695 1609 extunc
726 1541 892 1633 acceptio
919 1541 1138 1635 simpliciter
1155 1541 1306 1611 haberet

260 1673 447 1760 vigorem3
475 1687 580 1753 quam
605 1663 894 1733 convocationem
928 1663 1205 1757 adpetitionem
1233 1668 1307 1755 ejus

261 1794 333 1863 teci
351 1817 420 1886 pro
444 1786 664 1858 excusatione
686 1811 746 1855 sua
768 1784 968 1873 audienda,
992 1789 1032 1857 in
1042 1770 1115 1878 'qua
1133 1808 1305 1857 convoca·

261 1922 360 1989 tione
390 1913 462 1983 fuit
488 1910 705 1994 conclusum,
733 1910 827 1999 quod
849 1912 1027 1979 excusatio
1055 1930 1112 1979 ana
1138 1908 1304 1979 nonfuit

260 2037 458 2121 sufficiens,
497 2042 533 2099 et
558 2033 653 2100 idem
677 2030 875 2102 antedictus
903 2055 1001 2126 mag.
1029 2029 1192 2101 Nicoleua
1212 2050 1302 2101 onnr

257 2163 466 2257 disputandi
497 2163 542 2231 de
573 2162 738 2252 quolibet
765 2183 884 2235 coram
923 2171 1001 2235 tota
1031 2164 1204 2235 facultate
1235 2182 1298 2259 pro

258 2294 343 2357 tunc
370 2294 556 2377 praesente
582 2284 799 2375 acceptavit.

353 2404 448 2475 Item
471 2403 767 2478 cadumensis
790 2402 893 2476 Junii
913 2400 1022 2475 electi
1053 2404 1194 2477 suerrmt
1221 2428 1298 2497 qoa-

258 2534 337 2601 nor
365 2530 459 2620 mgri
480 2527 525 2595 de
549 2536 699 2617 quatuor
723 2525 948 2613 nationibus,
975 2528 1039 2617 qui
1068 2526 1222 2599 habituri
1246 2552 1292 2599 es·

257 2659 337 2723 sent
352 2671 461 2745 posse
482 2650 689 2716 inveniendi
711 2649 852 2747 modum
872 2649 1094 2719 custodiendi
1120 2655 1294 2744 pecuniam

258 2772 438 2860 facultatis
466 2777 502 2838 et
534 2773 695 2840 mutandi
731 2777 769 2840 in
799 2774 960 2857 florenos,
993 2773 1023 2840 si
1051 2774 1166 2845 visum
1197 2766 1294 2845 fuerit

135 2941 139 2949 ·
258 2896 309 2966 eis
329 2896 521 2989 expedire,
560 2896 690 2988 primo,
710 2918 806 2988 mag.
828 2898 934 2963 Joan.
958 2895 1093 2985 Helye,
1122 2919 1216 2990 mag.
1232 2898 1293 2967 Lus

257 3019 415 3115 delphus
436 3021 684 3109 Meysterman
697 3068 709 3105 ,
734 3030 771 3087 et
801 3021 872 3088 duo
894 3019 1107 3089 collectores
1135 3020 1300 3114 pecunia·

256 3170 335 3220 rum
354 3142 546 3214 facultatis.

351 3267 446 3337 Item
479 3263 605 3334 eodem
634 3264 693 3332 die
726 3264 762 3334 in
791 3264 915 3334 eaelcm
945 3264 1201 3335 convocatione
1236 3260 1295 3333 tuit

256 3392 489 3473 conclusum,
520 3388 615 3479 quod
644 3388 846 3481 Stephanus
885 3389 1035 3459 servitor
1065 3384 1295 3460 universitatis

257 3512 407 3582 deberet
423 3533 543 3581 carere
562 3513 705 3581 sallario
736 3509 781 3581 (le
807 3510 1019 3582 baccalariis
1054 3508 1296 3605 promovendit

256 3636 492 3729 inpraesenti
522 3638 694 3723 examine,
716 3646 867 3732 propter
889 3654 1072 3718 excessus,
1093 3654 1181 3723 quos
1199 3634 1297 3709 deofl·

256 3781 323 3831 nos
341 3759 527 3854 proposuit
551 3771 678 3829 contra
699 3783 780 3829 eum
800 3761 837 3829 in
861 3760 1045 3829 facultate·
1071 3834 1078 3841 ,
1165 3810 1169 3819 .

353 3879 448 3951 ltem
467 3882 701 3952 wenceslaus
721 3884 768 3953 ‹le
789 3885 1023 3973 Vyctenznyo
1055 3877 1188 3977 (cupro
1205 3872 1301 3975 thf

257 3998 410 4105 trznye)
430 4002 491 4073 die
514 4004 575 4077 21.
600 4003 674 4073 det.
694 4008 758 4077 sub
782 4029 879 4098 mag.
896 3999 1104 4111 Joanne'rle
1126 4000 1246 4073 Muta.
