2700 4732
106 344 211 412 auor.
233 343 272 408 v.
1071 337 1116 406 ar
1180 307 1198 333 ¹

62 566 84 611 a
113 535 277 628 quolibet
301 529 594 599 exercitationem
610 526 768 612 habente
796 555 927 623 capere
961 531 1113 600 deberet
1157 543 1162 550 ’

62 644 223 730 mediam
248 675 461 747 sexagenum
490 673 701 751 grossorum,

557 791 621 861 33.

66 924 180 1044 Quod
207 934 392 1039 disputans
423 935 461 1008 in
492 926 710 1035 philosophia
746 929 846 1047 debet
871 937 979 1012 etiam
1007 885 1113 1014 urum

258 1055 431 1164 sophisma
456 1060 516 1136 vel
539 1060 605 1137 duo
624 1059 908 1164 praedisputurc.
1065 1078 1111 1131 ἰ·
1208 1072 1210 1076 ·
1272 1081 1276 1095 *

162 1205 257 1276 Item
268 1207 427 1280 Sabbato
445 1218 528 1278 ante
540 1203 740 1282 Michaelis
761 1214 967 1284 ‘conclusum
988 1217 1115 1287 eratin
1200 1239 1202 1243 ’

63 1327 249 1416 facultate,
288 1335 383 1422 quod
414 1333 568 1423 quilibet
602 1336 785 1430 disputans
811 1337 848 1404 in
877 1329 1113 1432 philosophia
1149 1358 1154 1363 ·

63 1453 222 1522 naturali
243 1455 289 1522 ad
315 1457 429 1525 minus
455 1457 604 1528 deberet
619 1482 724 1529 unum
748 1456 940 1552 sophisma,
960 1460 1020 1528 vel
1043 1461 1113 1531 duo

64 1574 116 1649 ad
133 1579 246 1663 majus
269 1578 463 1670 disputare,
491 1593 527 1649 et
546 1606 613 1674 pro
642 1582 709 1651 isto
740 1588 876 1663 tantum
902 1584 1011 1650 debet
1036 1561 1115 1653 dari

65 1702 157 1771 sicut
181 1701 227 1770 de
251 1702 422 1771 exercitio
447 1704 610 1773 totaliter
631 1682 928 1798 plrilosophicali,
950 1713 986 1773 et
1005 1703 1115 1791 debet
1151 1780 1152 1787 χ

66 1821 266 1917 sophisma,
282 1826 342 1892 vel
363 1824 583 1919 sophismata
593 1837 675 1896 ante
688 1831 909 1919 quaestiones
920 1811 1115 1922 disputare.

65 1945 164 2014 Item
189 1947 391 2018 conclusum
414 1947 492 2031 fnit,
517 1949 614 2039 quod
640 1934 755 2021 nullus
781 1953 1031 2045 magistrorum
1046 1980 1115 2025 uno

67 2079 152 2137 actu
171 2070 301 2161 plures,
324 2094 426 2157 quam
454 2080 526 2141 tres
552 2072 770 2160 quaestiones
802 2049 860 2142 uel
890 2073 976 2142 duas
1008 2071 1113 2165 quae-

68 2193 200 2258 stiones
219 2213 298 2258 cum
319 2214 387 2258 uno
409 2191 469 2258 vel
492 2191 624 2261 dnobus
643 2171 917 2284 sophismatibus
929 2193 976 2260 ad
988 2199 1113 2282 majus,

67 2324 107 2384 ut
128 2314 391 2408 praescriptum
412 2325 474 2395 est,
497 2313 627 2382 debeat
649 2313 847 2406 disputare.
1112 2293 1118 2302 ’

535 2474 536 2478 ’
562 2455 624 2528 34.

77 2601 188 2709 Quod
209 2616 387 2681 statutum
415 2597 456 2675 de
477 2617 585 2702 penso
620 2605 872 2682 exercitiorum
897 2597 1033 2709 obligor
1070 2599 1121 2678 ad

68 2747 208 2809 certam
225 2744 374 2830 poenam
403 2732 656 2828 pecuniariam,
684 2747 720 2806 et
744 2755 812 2806 non
839 2725 891 2804 ad
904 2725 1118 2829 perjurium.

167 2876 261 2944 ltem
280 2877 318 2944 in
345 2878 404 2945 die
428 2898 458 2947 s.
473 2877 586 2945 Lucae
608 2877 810 2946 conclusum
830 2874 912 2955 fuit,
933 2873 1027 2962 quod
1050 2883 1121 2946 stas

71 3006 186 3069 tutum
206 3000 253 3068 de
276 3021 386 3090 pensa
408 2998 659 3068 exercitiorum
687 3020 758 3068 non
784 2996 932 3067 deberet
953 2994 1120 3083 obligare

71 3122 247 3192 facientes
284 3130 408 3188 eontra
440 3120 557 3211 ipsum
597 3119 644 3188 ad
681 3141 836 3212 poenam
860 3116 1024 3208 perjurii,
1057 3112 1120 3182 sed

74 3243 121 3312 ad
151 3243 394 3336 pecuniariam
416 3263 568 3334 poenam
596 3242 719 3325 talem,
753 3238 849 3329 quod
872 3239 935 3328 qui
972 3235 1121 3326 excede.

74 3374 143 3446 ret,
169 3388 247 3435 cunr
268 3365 509 3452 requireretur
533 3367 570 3432 in
592 3363 809 3433 conscientia
840 3385 909 3443 sua,
938 3383 1122 3433 numerum

75 3510 215 3558 suorum
241 3489 518 3570 exercitantium,
548 3460 583 3555 et
613 3501 776 3578 quantuor
813 3476 979 3553 cuilibet
1000 3508 1122 3578 perso-

74 3596 142 3678 nae
165 3609 212 3674 de
229 3626 314 3678 vera
339 3616 421 3676 taxa
441 3599 629 3691 dirrriserit,
653 3598 765 3677 *fateri
790 3605 950 3688 deberet,
978 3598 1010 3673 85
1038 3611 1125 3673 tunc

76 3704 145 3826 prd
166 3734 327 3818 qualibet
347 3751 496 3824 persona
518 3735 654 3798 tantam
677 3751 832 3822 poenam
855 3713 995 3796 solvere
1014 3724 1126 3795 facul·

74 3855 147 3929 tuti
168 3858 328 3940 deberet,
358 3863 528 3942 quantam
558 3875 731 3923 summam
761 3849 939 3921 dimiserit
962 3848 1008 3916 de
1035 3855 1126 3932 taxa,

76 3979 110 4052 lt
131 3981 230 4049 ultra
248 3979 319 4048 hoc
340 3998 442 4046 unam
464 3997 677 4067 sexagenum
702 3973 884 4067 persolvat
903 3969 1075 4040 facultati.

576 4242 636 4314 7*
