2714 4740
256 402 428 534 plege
455 438 599 536 petiuit
623 433 699 507 teil
725 427 936 510 dilationem
963 434 1145 524 solvendi,

253 560 319 632 pp.
365 543 661 642 *petiverunt

257 662 314 733 pr.
366 678 417 694 -
447 621 621 732 promisit,
648 658 778 732 nempe
803 636 953 711 solvere

144 785 148 791 ι
254 749 283 820 t.
368 780 419 796 -
451 751 606 826 tenetur

45 849 48 857 “
252 849 298 922 ιι
368 880 422 900 -ι
443 851 620 914 tenentur.
627 880 643 893 ι-

119 1072 128 1087 ’
265 1048 503 1118 Maximam·
493 1068 531 1114 m
562 1036 722 1140 legendis
754 1047 966 1135 praesertim
996 1047 1201 1118 nominibus
1223 1065 1322 1140 pro·

72 1230 79 1243 ‚
158 1147 247 1257 priir
273 1141 520 1234 difficultatem
539 1148 729 1220 involvunt
748 1142 871 1215 literae
890 1169 909 1218 ι
925 1156 1017 1233 ett,
1040 1138 1119 1224 bet
1134 1173 1171 1237 v,
1195 1158 1273 1223 set
1283 1141 1319 1235 f,

149 1250 182 1329 ,ιι
204 1257 242 1317 et
264 1271 312 1335 a,
359 1271 395 1320 m
420 1250 495 1316 et
480 1270 541 1335 m,
576 1271 624 1323 un
648 1256 686 1317 et
709 1247 758 1319 mi
782 1244 883 1316 vel
867 1271 937 1336 ιιι,
973 1270 1066 1341 quae
1101 1249 1146 1323 ob
1183 1244 1318 1320 ductus

153 1348 261 1443 plane
297 1340 444 1420 eosdem
466 1372 546 1422 raro
572 1345 725 1421 discerni
753 1358 926 1440 possunt3
962 1373 1073 1473 quare
1100 1348 1315 1453 difficillima

152 1450 252 1522 lectu
274 1449 447 1523 'vocabula
472 1472 557 1522 cum
582 1452 721 1544 aliquot
745 1453 942 1543 scripturae
967 1456 1051 1523 aevi
1074 1447 1208 1527 diverti
1233 1475 1314 1546 spe

100 1624 107 1635 ,
152 1553 377 1624 cimicibus
367 1578 406 1624 ιιι
430 1551 550 1624 tabula
579 1557 666 1646 (Fac
691 1553 805 1622 simile
824 1551 952 1647 vulgo)
980 1549 1203 1627 adumbrata
1211 1555 1318 1627 alteri

148 1643 235 1725 'mox
260 1662 479 1749 sequuturae
504 1661 599 1749 parti
627 1649 759 1725 codicis
785 1647 1029 1731 adnectentur.
1062 1657 1311 1752 Subjmgetnr

150 1762 257 1828 etiam
293 1754 401 1828 index
425 1757 668 1848 alphabeticus
692 1759 942 1850 magistrorum
974 1757 1153 1831 facultatis
1178 1767 1313 1832 artium

150 1865 314 1932 omnium
337 1865 376 1930 in
402 1854 524 1929 codice
551 1863 826 1943 occurrentium,
851 1866 886 1928 et
911 1879 1044 1931 vocum
1067 1860 1122 1930 illi
1144 1884 1235 1935 aevo
1258 1860 1312 1931 sa·

55 1960 58 1970 ‘
148 1961 356 2050 miliarium,
381 1957 531 2052 adjectis
556 1955 753 2031 earundem
778 1955 1087 2036 declarationibus.

255 2169 361 2238 Hunc
374 2167 484 2259 igitur
508 2164 715 2234 thesaurum
738 2165 926 2254 antiquum
950 2163 993 2233 ab
1018 2167 1165 2234 interitu
1187 2169 1312 2234 tutum

152 2259 316 2353 reddere,
339 2286 496 2359 eumque
526 2258 681 2336 adeundi
718 2269 1022 2357 opportunitatem
1044 2265 1209 2363 omnibus
1236 2265 1310 2336 hiu-

144 2377 255 2441 toriac
295 2369 469 2440 literariae
506 2363 672 2439 studiosis
687 2375 865 2458 praestare
885 2373 1032 2463 cupiens
1056 2367 1206 2440 uenus
1226 2367 1309 2460 phi-

143 2473 345 2567 losophica,
377 2492 465 2568 prae
490 2477 615 2541 ceteris
640 2463 905 2538 documentis
894 2493 934 2539 ιιι
964 2471 1084 2541 lucem
1109 2492 1194 2541 cum
1220 2464 1307 2557 edit,

92 2600 103 2624 ν
144 2596 208 2670 ιρι
227 2581 389 2656 tenetur,
415 2572 541 2640 faustis
561 2573 656 2642 hince
678 2575 844 2662 auspiciis
865 2590 955 2664 opus
974 2585 1203 2666 susceptum,
1218 2578 1306 2644 ami-

84 2728 86 2732 -
145 2697 187 2747 cn
226 2674 380 2745 aliorum
416 2667 711 2743 documentorum
752 2676 1090 2757 communicatione,
1126 2682 1304 2768 temporis

142 2797 309 2849 eucoeseu
345 2779 384 2845 in
413 2796 592 2873 magnum
620 2775 780 2848 veritatis
817 2770 1004 2906 historicae
1038 2780 1305 2879 incrementum

141 2899 218 2960 erre
241 2899 445 2954 evaeorum
