2700 4732
269 249 331 328 tte

156 485 164 500 ·
192 460 253 498 τυθ-
363 427 456 515 Item
481 435 542 513 15.
563 437 623 507 dle
647 436 859 509 Decembris
881 436 946 511 Jo.
968 436 1013 507 de
1027 437 1193 511 timeae
1213 466 1317 537 prae·

165 537 249 655 ⁰¹2⁰*
268 571 422 638 tentatua
435 562 502 634 fuit
519 585 586 656 per
597 583 692 652 mag.
705 557 937 630 Thurdonem
951 560 996 628 ad
1017 562 1316 641 baccalariatum.

363 685 457 754 Item
477 684 605 755 codem
629 681 687 749 die
708 680 885 750 Henricus
903 681 1089 772 Pyrchina
1109 692 1317 785 praesenta·

267 822 321 881 tu·
342 807 415 877 fuit
438 830 505 900 per
527 829 626 905 mag.
639 804 698 874 Jo.
717 803 957 874 Frankfordie
969 805 1015 874 ad
1027 807 1316 880 baccalariatum.

221 939 224 945 '
362 928 457 999 Item
478 929 603 997 eodem
632 949 725 996 anno
750 926 810 994 die
831 927 896 1000 21.
918 927 1128 997 Decembris
1150 913 1334 1001 elemem'

269 1063 452 1152 promotus
477 1053 546 1121 suit
567 1075 633 1144 per
657 1072 752 1141 mag.
773 1050 801 1120 J
803 1073 836 1121 o.
858 1050 904 1118 de
924 1024 1146 1131 Hellandriu
1168 1052 1216 1121 ad
1233 1046 1316 1123 buc·

269 1181 491 1251 calariatum.

364 1301 458 1371 Item
481 1305 546 1378 27.
569 1299 630 1371 die
648 1299 856 1368 Decembris
879 1298 997 1368 Adam
1013 1296 1195 1368 Bolremua
1214 1322 1316 1395 prue-

268 1432 435 1497 aentatus·
448 1424 516 1495 fuit
535 1446 602 1517 per
617 1444 713 1514 mag.
727 1421 932 1492 Conradum
956 1425 1001 1490 dc
1025 1421 1154 1492 Castro
1171 1422 1220 1493 ud
1236 1426 1316 1495 brc-

268 1552 487 1621 calariatum.
515 1557 544 1621 1.
988 1612 991 1619 .

366 1673 461 1740 Item
485 1671 547 1743 30.
560 1670 620 1739 die
639 1669 849 1740 Decembris
866 1666 1164 1741 Bartholomaeus
1183 1668 1232 1742 de
1250 1674 1315 1747 Po·

270 1793 396 1862 anania
408 1799 653 1886 praesentatus
666 1791 734 1860 fuit
748 1813 814 1883 per
825 1791 1119 1882 mag.H.Woleri
1128 1793 1174 1861 ad
1185 1796 1315 1874 bacct.

268 1914 379 2061 Item
402 2016 494 2061 anno
516 1990 662 2060 Domini
695 1988 808 2066 1371.
840 1989 901 2055 die
923 1998 1048 2061 octava
1067 1992 1233 2065 Januarii
1251 1994 1314 2065 Er.

270 2112 405 2184 hardus
427 2117 472 2183 de
498 2115 624 2209 Sueuia
645 2122 888 2208 praesentatus
917 2112 986 2182 fuit
1007 2136 1075 2205 per
1100 2112 1198 2206 mag.
1213 2093 1314 2208 wyl-

273 2237 417 2305 bernum
445 2238 491 2305 ad
507 2237 795 2313 baccalariatum.

368 2359 462 2429 Item
486 2357 546 2434 15.
565 2361 626 2429 die
641 2361 805 2431 Ianuarii
817 2363 925 2432 Joan.
938 2360 1095 2430 Sucheln
1116 2375 1315 2455 praetentu·

271 2492 325 2550 tut
341 2481 408 2554 tuit
424 2508 491 2576 per
503 2507 596 2574 mag.
608 2484 850 2552 Hermannum
861 2483 906 2553 de
918 2487 1155 2580 Rauenrperg
1165 2491 1211 2559 ad
1219 2492 1314 2571 baec.

369 2605 462 2674 Item
484 2606 542 2676 die
566 2607 628 2679 17.
644 2606 804 2676 Ianuarii
826 2606 1033 2679 Fridericuc
1047 2610 1092 2678 de
1106 2613 1316 2711 Rotenburg

274 2736 515 2826 praesentatus
529 2726 598 2794 fuit
617 2750 684 2819 per
705 2750 804 2820 mag.
823 2725 1055 2798 'I'hurdonem
1078 2732 1125 2801 ad
1150 2732 1255 2808 buce.
1282 2750 1291 2771 ¹

358 2849 464 2923 .ltem
478 2848 541 2924 18.
555 2847 613 2915 die
625 2846 789 2917 Ianuarii
798 2848 996 2918 Ludovicus
1006 2850 1051 2918 de
1062 2851 1207 2922 Wetter
1215 2878 1316 2948 prae·

274 2979 427 3045 tentatus
441 2973 510 3040 fuit
523 2992 589 3061 per
599 2992 694 3062 mag.
704 2967 899 3039 Henricum
914 2970 960 3036 de
972 2970 1095 3040 stadis
1109 2972 1156 3042 ud
1168 2975 1269 3054 bum⁴
1280 2982 1316 3053 d.
1339 3014 1344 3023 ·

370 3095 466 3162 Item
483 3094 541 3162 die
554 3093 616 3163 18.
628 3091 816 3164 Februarii
829 3114 928 3185 mag.
945 3090 1169 3165 Wilhelmue
1177 3101 1314 3172 Amato-

212 3199 217 3211 ⁸
273 3215 399 3284 redam
423 3215 622 3285 declaravit
645 3236 682 3283 se
700 3224 888 3307 receptum
910 3215 957 3283 ed
975 3214 1201 3303 facultatem,
1222 3232 1316 3295 etex

177 3495 228 3557 111.

163 3576 243 3667 Euta-

156 3674 186 3711 nr

163 3744 242 3790 tores

170 3813 252 3866 baec.

157 3896 262 3945 iterum

275 3338 347 3408 hoc
370 3347 535 3431 receptus
560 3335 699 3428 fuitlad
717 3338 887 3419 rotulum,
915 3347 952 3405 et
974 3337 1098 3408 solvit.

361 3463 477 3543 ,Anno
489 3460 635 3530 Domini
654 3484 722 3549 quo
744 3481 863 3551 supra,
874 3462 935 3533 22.
946 3459 1006 3529 die
1019 3461 1209 3546 Februarii
1227 3466 1313 3537 aloc·

273 3583 303 3650 ti
317 3582 457 3676 fuerunt
476 3583 731 3649 examinatores
751 3604 819 3671 pro
836 3582 1122 3650 baccalariandis
1134 3588 1308 3678 tagrida.

274 3703 430 3797 Dryska,
450 3703 624 3773 Henricus
644 3703 785 3770 Woleri
808 3702 853 3770 de
867 3702 997 3785 Stadie,
1019 3713 1056 3771 et
1077 3704 1260 3779 Gerardm
1273 3708 1312 3793 de

275 3814 522 3919 Oeenbrughe,
547 3821 579 3892 8⁶
604 3825 640 3891 in
659 3827 823 3916 proxima
842 3827 1043 3917 septimana
1059 3839 1240 3917 sequente,
1262 3852 1311 3899 ce·
1346 3814 1349 3819 ⁸

171 3980 243 4025 trec.
276 3940 418 4018 lebrato
440 3946 601 4028 examine
617 3969 683 4040 per
705 3947 847 4016 eosdem
863 3947 1004 4016 fuerunt
1020 3949 1165 4017 admissi
1186 3951 1249 4020 isti
1264 3974 1309 4019 te·

278 4070 427 4147 eundum
457 4069 634 4152 ordinem,
653 4070 714 4161 qui
743 4071 923 4162 nequitur:
950 4069 1114 4140 Mathia
1137 4071 1183 4139 de
1194 4073 1308 4143 Helm-
