2714 4740
1 269 3 280 ’
144 258 210 327 soc

185 445 441 533 Deconotos
472 461 595 550 mog,
618 428 844 520 Stooisloi
864 428 919 522 dt
941 428 1157 547 Znoymm

152 616 286 763 Anno
304 687 451 763 Domini
471 678 581 756 1395.
593 681 742 750 sabbato
762 679 823 749 die
842 680 1037 754 inmedicte
1061 683 1195 758 festum

147 838 179 889 s.
198 815 301 885 Galli
320 811 572 907 praecedente,
590 805 648 895 qui
673 803 745 872 luit
769 824 883 873 nonus
909 806 986 873 dios
1013 803 1197 904 Octobr-is,

150 960 219 1030 ego
249 933 445 1006 Stanislaus
464 929 510 997 de
533 928 710 1015 Znoyma,
732 946 829 1016 mag.
855 925 994 1012 artium,
1025 926 1082 998 fai
1103 931 1198 1003 eleo·

151 1059 268 1128 tasin
292 1059 460 1126 decanum
483 1047 662 1119 facultatis
693 1046 824 1115 artium
843 1048 1035 1119 secumdum
1066 1058 1199 1121 statuta

124 1178 321 1270 «ejusdem,
358 1186 394 1245 et
421 1173 548 1263 jtrravi,
567 1193 632 1240 nec
660 1188 732 1238 non
765 1168 943 1260 promisso
970 1196 994 1244 a
1015 1176 1199 1267 mogistris

148 1283 220 1403 pro
239 1313 323 1371 tunc
351 1298 602 1392 praesentibus
620 1290 754 1385 recepi.

245 1422 341 1492 ltem
376 1418 536 1509 sequenti
581 1417 640 1486 die
665 1414 809 1483 fuerunt
842 1411 953 1482 electi
981 1414 1198 1491 collectores

150 1546 395 1641 poeoniorum,
418 1537 726 1633 mgriridelicett
752 1536 910 1604 loannes
932 1534 1143 1629 cesamo,
1160 1554 1198 1615 et

149 1669 315 1739 Nicolaus
333 1666 466 1757 Beyer.

243 1792 338 1860 Item
368 1804 558 1857 assessores
586 1786 692 1876 mgri,
714 1783 795 1854 scil.
815 1780 1040 1856 Androneo
1061 1784 1201 1873 Brodo,

150 1923 188 1985 et
212 1914 387 1981 Henricus
409 1909 551 1977 Berlin.

244 2032 338 2100 ltem
372 2029 510 2100 fuerunt
533 2028 699 2123 deputati
720 2036 871 2118 quatuor
901 2037 1120 2103 correctores
1150 2034 1199 2103 li·

148 2165 301 2226 terarum
334 2153 510 2248 magistri,
533 2160 646 2247 putat
683 2153 814 2223 Daniel
841 2149 887 2221 de
910 2154 1043 2245 Perga,
1070 2157 1199 2227 Petrus

150 2278 450 2362 Frankenl'ordis‚
462 2278 588 2346 Petrus
599 2274 786 2360 Culmuch,
805 2286 841 2345 et
852 2277 1020 2346 Nicolaus
1031 2276 1197 2397 Runplre.

247 2403 439 2492 Sub'mog.
458 2397 601 2468 Jacobo
631 2396 944 2468 deBarthenstein
971 2397 1112 2469 decima
1137 2401 1199 2473 (lio

152 2527 281 2596 mensis
308 2522 478 2592 Octobris
500 2529 583 2589 suut
605 2527 765 2613 promoti
787 2522 832 2590 ad
856 2524 1010 2613 gradum
1035 2526 1195 2597 baccala-

152 2651 258 2717 tintus
278 2646 436 2713 ioannes
458 2643 553 2736 Lupi
576 2651 612 2709 et
635 2645 793 2713 «loannes
815 2641 1062 2724 Winkelmon.

245 2767 340 2835 ltern
373 2766 438 2834 sub
472 2786 566 2856 mag.
602 2766 741 2834 «Ioanne
774 2764 1036 2858 Monsterberg
1072 2768 1198 2839 eodem

150 2893 199 2964 ad
225 2888 377 2957 eundem
405 2889 555 2981 gradum
592 2896 644 2956 est
670 2896 851 2982 promotus
882 2887 1128 2980 Hieronymus
1151 2894 1195 2962 clo

152 3017 294 3104 Gorya.

246 3136 341 3207 Item
376 3135 440 3204 sub
480 3157 575 3225 mag.
607 3132 759 3202 Nicolao
789 3132 835 3201 do
867 3132 1108 3227 Wissyegrad
1150 3138 1191 3209 ael

152 3260 304 3329 eundem
333 3256 483 3350 gradum
508 3258 708 3350 Gregorius
737 3255 781 3324 do
805 3256 939 3326 Radlm
964 3255 1099 3359 (supra
1127 3256 1192 3335 Ru·

151 3376 249 3468 dom)
275 3381 444 3449 vicesimo
463 3388 592 3449 octavo
609 3380 673 3449 ‹lio
693 3379 821 3447 mensis
847 3376 1028 3450 Octobris.

247 3503 342 3572 Item
364 3502 491 3572 eodem
509 3504 569 3572 ‹lie
592 3504 639 3572 ad
664 3503 816 3571 eundem
836 3502 988 3594 gradum
1018 3508 1084 3575 sub
1103 3532 1189 3603 mag.

152 3622 343 3719 Stephano
376 3627 420 3695 de
440 3623 589 3693 Pulkaw
617 3626 772 3695 Jacobus
799 3623 920 3713 Beyer
943 3623 989 3692 cle
1010 3627 1131 3705 Atesi.

246 3746 339 3815 Item
360 3748 425 3815 sub
448 3770 548 3838 mog.
567 3747 746 3819 Stanislao
776 3745 822 3813 de
848 3746 1009 3838 znoyma
1033 3748 1191 3823 det.ste·

154 3868 296 3964 phanus
323 3864 543 3938 deTrebecz
568 3878 690 3957 quarta
703 3865 761 3935 tlie
777 3868 909 3935 mensis
931 3867 1157 3943 Novembris.

247 3988 341 4059 ltem
360 3993 395 4066 7.
421 3991 479 4059 die
502 3992 636 4059 mensis
657 3992 815 4078 ejusdem
844 3989 909 4060 sub
939 4013 1040 4083 mog.
1059 3994 1192 4065 laune

152 4112 198 4183 de
211 4108 465 4207 -cmumpnaw
484 4115 559 4186 det.
591 4113 817 4184 wenceslaus
840 4108 884 4181 do
902 4108 1043 4191 Castro.
