2700 4732
114 265 221 351 auur.
244 279 285 347 ,ι
1015 231 1016 234 ¹
1054 281 1117 353 sor
1207 278 1210 284 ’

567 475 602 546 9.

134 596 208 675 'De
231 596 433 699 quantitate
450 609 583 694 pastus
602 613 803 695 parvorum
827 595 1038 703 logic'asturn.
1078 626 1080 631 ’

162 743 208 813 ln
241 732 414 811 debanatu
439 763 537 833 mag,
568 741 746 836 Stephani
780 746 826 815 de
860 739 1029 845 Colonia,
1057 724 1139 826 am¹

65 868 155 940 lini.
178 867 290 940 1592.
319 865 378 932 die
414 863 475 934 19.
510 865 638 933 mensis
671 867 883 936 Novembris
911 870 1005 937 facta
1028 892 1111 938 con·

64 990 279 1083 gregatione
318 983 427 1077 plena
464 987 718 1077 magistrorum
755 992 819 1058 sub
850 991 923 1058 sali
967 991 1082 1059 forma
1098 1014 1118 1086 ει

67 1103 282 1182 florei-ende
310 1108 500 1198 magister!
527 1109 605 1175 sitis
626 1109 739 1185 hodie
763 1111 851 1180 hora
886 1117 946 1184 20.
977 1118 1013 1180 in
1041 1108 1110 1181 stul

65 1229 114 1299 ba
145 1231 327 1297 facultatis
359 1228 405 1295 ad
441 1228 607 1297 finaliter
652 1231 957 1317 concludendum,
1002 1255 1110 1321 quan·-

65 1361 140 1421 tum
164 1360 303 1442 pastum
331 1349 501 1444 magistri
529 1349 661 1416 debent
693 1351 856 1442 recipere
882 1377 949 1443 pro
975 1351 1109 1419 exerci·
1158 1328 1160 1332 ι

67 1472 128 1543 tiis
149 1494 343 1564 parvorum
371 1468 597 1561 logicalium,
629 1470 694 1542 sub
727 1495 844 1564 poena
867 1496 939 1542 non
968 1481 1108 1540 contra·

65 1595 231 1666 dicendi.
439 1583 443 1596 Χ
870 1599 874 1609 ’

160 1719 245 1789 Fuit
262 1740 350 1810 ergo
370 1713 506 1784 ibidem
527 1714 730 1784 conclusum
753 1717 789 1784 in
804 1714 935 1786 'eadem
956 1714 1123 1806 congro'

64 1844 222 1934 gatione,
245 1839 340 1929 quod
361 1838 559 1932 exercitans
585 1837 620 1904 in
647 1839 769 1929 parvis
795 1838 1011 1930 logicuiibus
1033 1860 1106 1906 ma·

65 1965 192 2054 gistro‚
221 1962 282 2051 qui
306 1959 455 2050 singuiis
484 1959 608 2027 diebru
635 1958 908 2050 disputabilibus
935 1958 1105 2050 disputat,

65 2083 197 2152 debeat
219 2080 427 2177 persolvere
448 2104 552 2151 unum
576 2082 656 2156 flor.
682 2082 941 2175 Ungaricalem
971 2081 1030 2148 vel
1055 2080 1106 2152 20

62 2226 214 2303 grossos.

556 2371 616 2442 10.

58 2513 121 2594 De
129 2508 341 2619 juramento
360 2509 572 2586 admittendi
589 2509 642 2586 ud
657 2535 805 2588 examen
830 2529 897 2588 aut
913 2527 1105 2589 testamen.

154 2663 224 2731 Ao.
244 2662 331 2739 nni.
353 2660 465 2732 1394.
487 2663 523 2731 3.
546 2660 605 2727 die
630 2664 760 2728 mensis
782 2656 960 2743 Octobris
978 2663 1015 2728 in
1041 2660 1103 2730 de·

55 2792 186 2852 cauata
219 2805 313 2873 mag.
333 2782 521 2851 Helmoidi
545 2783 790 2854 Gledenstede
819 2788 863 2851 de
899 2782 1103 2853 Zoitwedel

53 2906 157 2973 facta
176 2906 286 2996 piena
305 2907 584 2997 congregatione
608 2907 861 2997 magistrorum
880 2907 1026 2974 concilii
1049 2907 1101 2975 fa·

54 3024 205 3093 cultatis
223 3025 425 3094 conclusum
461 3003 527 3093 fuit
548 3037 584 3094 et
612 3035 788 3107 statutum,
817 3026 913 3115 quod
935 3029 972 3094 in
997 3034 1101 3095 antea
1220 3031 1223 3042 '

51 3146 210 3239 qauiibet
231 3146 471 3217 admittendus
499 3148 546 3216 ad
568 3156 750 3215 tentamen
775 3146 832 3214 vel
855 3168 1003 3217 examen
1033 3173 1101 3241 pro

52 3269 172 3365 gradu
202 3271 400 3361 magisterii
432 3272 492 3339 vei
524 3271 784 3339 baceaiariatus
805 3279 888 3336 ante
914 3247 1099 3342 bdmissio·

50 3416 138 3464 uem
160 3397 236 3478 ejus
258 3393 303 3460 ad
325 3402 506 3460 tent-amen
527 3392 586 3459 vei
608 3414 755 3459 examen
785 3391 965 3460 tenebitur
981 3396 1099 3478 jurare

49 3541 90 3586 se
121 3516 437 3607 expedivissent
467 3518 686 3589 voluntatem
711 3512 874 3604 magistri
904 3514 962 3580 vel
985 3513 1099 3606 magi-

48 3649 208 3707 strorum
225 3637 420 3707 obtinuisse
439 3641 512 3724 ejus
530 3637 588 3707 vel
612 3659 742 3717 eorum,
775 3657 878 3724 aquo
897 3635 965 3731 vell
983 3659 1003 3702 a
1024 3635 1099 3723 qui·

48 3761 118 3829 bus
143 3757 316 3827 lectiones
337 3758 479 3840 audivit,
505 3757 564 3827 vel
581 3782 651 3851 pro
676 3756 869 3842 exercitiis,
891 3757 1015 3848 quibus
1044 3757 1099 3826 iu·

49 3880 180 3952 terruit
202 3879 239 3949 iu
259 3892 364 3973 parte
390 3880 449 3950 uel
470 3879 507 3952 in
530 3889 620 3962 toto,
