2714 4740
932 207 1105 327 Ι11

150 422 683 519 111111111117111111
710 436 841 519 menso
863 446 1015 539 1181111
1036 445 1116 520 rua

46 562 291 654 conclusum,
330 567 426 663 quod
446 574 570 656 quater
601 567 638 637 in
667 589 782 653 anno,
820 542 961 645 scilicet
984 550 1130 670 primo*

53 685 344 783 ‹lominicaaepost
369 701 517 779 quatuor
538 694 731 783 Tempora,
759 694 930 775 decanus,
956 672 1015 780 qui
1033 713 1104 790 pro
1125 686 1128 695 '

47 816 136 877 trmc
158 806 291 895 fuerit,
318 836 460 906 semper
481 812 590 889 debet
610 816 647 890 ,in
667 837 774 885 unum
794 813 914 884 locum
939 812 1104 890 baccaln„

47 934 124 1004 rios
147 935 311 1021 ejusdem
331 937 512 1010 facultatis
536 962 751 1023 convocare,
777 948 814 1014 et
838 961 897 1007 eos
918 937 964 1006 de
983 957 1129 1037 esces--

48 1055 161 1140 sibus,
188 1060 221 1125 si
243 1061 304 1149 qni
323 1058 468 1142 fuerint,
488 1061 736 1129 comminando
755 1063 945 1151 corrigere,
969 1067 1006 1125 et
1019 1054 1101 1126 allis
1126 1056 1132 1068 “

50 1178 279 1251 studentibus
323 1180 420 1278 quod
448 1184 645 1280 praebeant
679 1183 771 1252 bona
802 1184 989 1274 exempla,
1041 1180 1129 1251 eos¹

48 1300 224 1389 inducat3
262 1311 298 1370 et
324 1303 447 1394 legere
475 1303 527 1372 eis
552 1313 700 1387 statuta,
736 1327 824 1394 quae
843 1305 882 1381 in
899 1302 1028 1400 gradus
1049 1322 1105 1371 as·

47 1423 230 1493 montione
254 1423 369 1493 libere
388 1427 601 1511 juraverunt,
622 1449 666 1495 ne
689 1426 901 1503 excedentes
924 1436 961 1495 et
982 1424 1102 1493 rebel·
1129 1404 1134 1428 ²

48 1544 104 1617 les
126 1544 169 1614 in
186 1568 308 1619 eorum
329 1548 538 1643 pertinacils
561 1571 647 1645 erga
662 1551 835 1624 decanum
851 1573 918 1648 per
932 1549 1101 1642 ignoran-

52 1668 147 1743 linm
167 1674 313 1773 valeant
335 1693 373 1740 se
396 1672 499 1748 tueri.
796 1763 798 1766 y
871 1765 873 1771 Ι

146 1798 244 1869 Item
265 1819 356 1874 auno
376 1796 523 1871 Domini
544 1795 653 1872 1368.
673 1794 731 1864 die
751 1797 785 1870 3.
799 1797 928 1869 mensis
948 1796 1100 1874 Decem.

49 1921 126 1996 bris
146 1919 217 1992 luit
236 1921 406 1998 statutum
432 1929 470 1986 et
488 1919 713 2003 conclusum,
740 1918 836 2015 quod
855 1918 1006 1994 decanus
1028 1943 1101 1991 nou

18 2075 21 2081 ·
48 2050 176 2148 posset
199 2047 383 2146 resignare
407 2040 565 2117 officium
596 2063 691 2110 suum
718 2049 800 2108 ante
822 2040 982 2115 debitum
1010 2051 1100 2117 tcm-
1129 2022 1132 2027 ⁵

47 2190 117 2269 pus
141 2166 220 2237 sine
247 2164 414 2256 legitima
444 2185 549 2230 causa
576 2185 643 2263 per
666 2160 876 2230 facultatem
901 2162 1100 2250 dijudican-

56 2290 124 2375 da,
150 2287 216 2359 sub
236 2309 352 2378 poena
370 2283 472 2353 unius
494 2303 691 2373 sexagenas
710 2283 831 2350 statim
853 2283 1057 2355 solvendae.

152 2415 259 2485 Anno
281 2405 425 2479 Domini
447 2406 557 2478 1370.
585 2403 644 2471 die
667 2404 727 2488 30.
748 2404 958 2478 Decembris
984 2404 1100 2499 magi.

56 2535 122 2608 stri
140 2532 324 2604 facultatis
354 2526 482 2598 artium
504 2525 745 2594 conciliariter
768 2524 989 2616 congregati,
1015 2548 1100 2596 conq

58 2657 252 2727 siderantes
278 2672 323 2721 ex
352 2647 517 2742 pluribus
545 2647 708 2723 conciliis
732 2645 977 2748 praehabitis,
1004 2647 1100 2736 quod

61 2774 326 2878 dispendiosum
346 2772 462 2853 foret,
486 2790 554 2864 pro
576 2767 727 2860 singulis
747 2769 959 2845 lectionibus
980 2753 1100 2868 priva„

61 2894 106 2963 tir
127 2893 365 2996 indulgencie,
391 2918 433 2964 ac
453 2896 561 2972 etiarn
586 2918 655 2987 pro
676 2895 792 2968 literis
817 2892 1099 2985 recognitionum

64 3017 253 3113 gradum,
288 3019 347 3088 vel
385 3019 494 3087 etiam
530 3017 798 3119 promotionum
834 3016 1097 3115 graduatorum,

36 3202 42 3213 ,
66 3138 120 3207 rel
135 3138 349 3210 scholarium
372 3140 583 3224 tribuendis
610 3140 772 3236 quolibet
795 3148 923 3205 eventu
949 3159 1100 3226 congre·

67 3260 237 3357 gationem
265 3283 488 3337 communem
509 3261 628 3329 facere
648 3260 813 3332 ¹omniurn
836 3260 1100 3349 magistrorum,

71 3379 290 3459 decreverunt
309 3384 582 3466 unaniminiter,
609 3381 704 3470 quod
728 3405 796 3473 pro
816 3379 1016 3466 hujusmodi
1039 3399 1101 3448 ne-

71 3504 165 3595 gotiis
197 3498 345 3594 quatuor
365 3485 538 3607 'magistri
574 3514 654 3576 actu
681 3514 848 3604 regentes
876 3502 921 3567 de
954 3502 1129 3588 quatuor

71 3625 253 3702 nationibus
275 3626 322 3695 ad
344 3629 516 3703 decanum
538 3626 724 3695 facultatis
735 3624 824 3716 eligi
841 3624 1006 3703 debeant,
1027 3621 1100 3709 qui,

72 3744 119 3822 vel
143 3752 255 3837 major
285 3734 370 3841 pars
401 3773 524 3825 eorum
550 3773 628 3818 cum
652 3748 786 3821 decano
818 3747 958 3839 possint
982 3741 1101 3827 hujus-

72 3868 153 3938 nodi
174 3870 349 3941 lectiones
386 3873 845 3973 privatas,'qua1noumque
872 3865 1024 3965 respicit
1046 3861 1099 3932 fa·

72 3987 244 4076 cultatem,
281 3991 497 4083 indulgere,
532 4001 569 4067 et
600 3991 723 4066 literas
750 3988 1038 4078 recognitionum
1063 3990 1100 4057 ol
1140 4022 1141 4027 ¹
1181 4053 1183 4058 .

72 4113 323 4202 promotionum
344 4089 533 4215 petitorias
557 4115 622 4188 sub
642 4112 750 4189 certis
769 4109 895 4185 formis
908 4096 1020 4200 ‘super
1041 4103 1132 4176 hisi·

72 4232 230 4304 conlectis
248 4239 453 4336 petentibus
477 4238 635 4336 elargiri.
