2714 4740
150 211 196 282 28

249 397 316 480 23.
342 397 399 471 Ile
426 390 535 470 modo
565 389 733 463 visitandi
756 387 1013 537 disputationes
1043 399 1206 465 extraor-

152 521 326 602 (linarias
397 558 398 562 =

221 646 313 718 24.
341 643 397 713 De
417 640 524 710 modo
537 638 742 732 disputandi
761 659 885 706 eorum
909 636 1031 709 diebus
1049 636 1210 715 festivis.

250 762 315 840 25
341 767 448 855 Quod·
470 764 664 833 baccalarii
694 764 856 857 promoti
887 764 1044 836 debeant
1067 764 1211 914 ltabere

160 889 350 988 proprium
374 886 548 956 habitum.

59 998 60 1003 ἵ
169 1051 173 1060 ·
251 1011 315 1086 26.
342 1011 398 1079 Ile
423 1007 586 1077 examine
614 1013 652 1077 et
677 1007 786 1076 modo
811 1010 1052 1101 promovendi
1083 1014 1210 1106 magi·

156 1129 392 1203 strandorum.

253 1256 316 1326 27.
341 1251 448 1340 Quod
470 1248 734 1320 examinatores
754 1250 892 1322 nullum
918 1251 1114 1324 admittant
1140 1255 1213 1328 nisi

119 1410 123 1417 ·
159 1376 338 1451 audiverit
359 1377 471 1445 libros
497 1399 589 1445 suos.
658 1390 660 1394 '
747 1360 752 1371 ⁸

257 1501 322 1573 28.
351 1498 608 1590 Interpretatio
629 1496 751 1567 statuti
775 1496 821 1565 de
842 1493 1123 1591 legitimatione.

258 1625 323 1700 29.
349 1621 536 1711 Quomodo
578 1621 836 1689 examinatores
880 1621 1216 1711 magistrandormn
1257 1689 1260 1699 A

164 1745 318 1814 debeant
342 1767 378 1812 se
399 1742 533 1812 habere
552 1766 631 1813 cum
653 1741 797 1809 tentatis
820 1763 907 1833 erga
926 1742 1155 1820 facultatem.

259 1866 321 1942 30.
348 1869 404 1935 De
421 1868 623 1953 juramento
643 1861 988 1952 magistrandornm.
1124 1941 1134 1948 ,

260 1987 320 2058 31.
348 1989 403 2058 De
432 1985 539 2054 modo
571 1982 777 2077 disputandi
807 1986 1057 2054 modernorum
1092 1982 1218 2077 magi·

164 2117 315 2187 atrorum
340 2105 642 2189 extraordinarie,
677 2115 714 2174 et
733 2081 983 2196 interpretatio
1002 2105 1047 2174 de
1072 2106 1220 2179 eodem.

260 2232 323 2304 32.
349 2230 453 2322 Quod
472 2234 554 2297 anto
578 2227 861 2322 completionem
895 2227 1031 2296 biennii
1057 2251 1135 2298 non
1162 2253 1220 2301 re-

168 2350 313 2427 cedant·

277 2523 476 2603 'runrxa
500 2522 734 2594 anemos
761 2460 1118 2607 ermelenus(
1194 2502 1197 2509 ’

551 2659 842 2683 Μ

262 2765 319 2835 De
341 2759 548 2854 receptione
567 2765 852 2837 baccalariorum
875 2778 934 2842 aut
955 2771 1218 2864 magistrorum

168 2888 316 2960 alterius
342 2886 592 2957 universitatis.

222 3011 226 3021 '
267 3012 303 3083 1.
355 3011 410 3081 De
435 3009 645 3080 baccalariis
665 3011 811 3084 alterius
831 3014 1088 3092 universitatis.

265 3135 303 3208 2.
353 3132 409 3200 ‘Dc
433 3129 614 3223 magistris
634 3133 850 3231 recipiendis
877 3144 913 3202 et
940 3133 985 3203 de
1010 3133 1119 3206 modo
1146 3118 1219 3228 quo

170 3252 406 3350 recipiantur.

198 3396 201 3400 ·
269 3375 307 3446 3.
357 3377 412 3446 De
434 3376 515 3446 loco
538 3399 617 3456 suo.

283 3515 392 3595 Nota.
417 3517 576 3589 Alterius
596 3515 834 3587 universitatis
858 3517 1029 3610 magister
1057 3541 1133 3591 non
1155 3523 1221 3594 ad·¹

173 3635 338 3708 mittatur
361 3634 408 3704 ad
430 3637 631 3726 (licentiam
648 3634 684 3726 i)

204 3924 206 3929 Ι
278 3811 496 3903 ouanrx
521 3810 754 3884 nuenton
781 3808 1110 3890 PrthclPALls.

553 3948 842 3974 ὺ--ιι-ιι-ιι-ι

276 4056 327 4154 1.1
363 4057 418 4129 lle
446 4055 755 4151 disputationibus
