<?xml version="1.0" encoding="UTF-8"?>
<!DOCTYPE html PUBLIC "-//W3C//DTD XHTML 1.0 Transitional//EN"
    "http://www.w3.org/TR/xhtml1/DTD/xhtml1-transitional.dtd">
<html xmlns="http://www.w3.org/1999/xhtml" xml:lang="en" lang="en">
 <head>
  <title>
</title>
<meta http-equiv="Content-Type" content="text/html;charset=utf-8" />
  <meta name='ocr-system' content='tesseract 3.04.00' />
  <meta name='ocr-capabilities' content='ocr_page ocr_carea ocr_par ocr_line ocrx_word'/>
</head>
<body>
  <div class='ocr_page' id='page_1' title='image "./liberdecanorumf00unkngoog/liberdecanorumf00unkngoog_0412.png"; bbox 0 0 2714 4740; ppageno 0'>
   <div class='ocr_carea' id='block_1_1' title="bbox 152 201 217 292">
    <p class='ocr_par' dir='ltr' id='par_1_1' title="bbox 152 201 217 292">
     <span class='ocr_line' id='line_1_1' title="bbox 152 201 217 292; baseline -0.015 0"><span class='ocrx_word' id='word_1_1' title='bbox 152 201 217 292; x_wconf 73' lang='lat' dir='ltr'><strong>ssi</strong></span> 
     </span>
    </p>
   </div>
   <div class='ocr_carea' id='block_1_2' title="bbox 66 412 1204 4173">
    <p class='ocr_par' dir='ltr' id='par_1_2' title="bbox 66 412 1204 1849">
     <span class='ocr_line' id='line_1_2' title="bbox 151 412 1202 518; baseline 0 -24"><span class='ocrx_word' id='word_1_2' title='bbox 151 442 240 516; x_wconf 86' lang='lat' dir='ltr'><strong>pere</strong></span> <span class='ocrx_word' id='word_1_3' title='bbox 274 426 357 513; x_wconf 86' lang='lat' dir='ltr'><strong>post</strong></span> <span class='ocrx_word' id='word_1_4' title='bbox 384 417 565 513; x_wconf 72' lang='lat' dir='ltr'><strong>vesperlas</strong></span> <span class='ocrx_word' id='word_1_5' title='bbox 594 412 818 497; x_wconf 82' lang='lat' dir='ltr'><strong>honorabilis</strong></span> <span class='ocrx_word' id='word_1_6' title='bbox 848 418 918 490; x_wconf 82' lang='lat' dir='ltr'><strong>&#39;vlr&#39;i</strong></span> <span class='ocrx_word' id='word_1_7' title='bbox 951 446 1047 518; x_wconf 79' lang='lat' dir='ltr'><strong>mag.</strong></span> <span class='ocrx_word' id='word_1_8' title='bbox 1079 426 1202 504; x_wconf 76' lang='lat' dir='ltr'><strong>Nicol.</strong></span> 
     </span>
     <span class='ocr_line' id='line_1_3' title="bbox 153 540 1203 634; baseline 0.008 -17"><span class='ocrx_word' id='word_1_9' title='bbox 153 540 430 626; x_wconf 85' lang='lat' dir='ltr'><strong>Luthomisohl,</strong></span> <span class='ocrx_word' id='word_1_10' title='bbox 466 549 550 609; x_wconf 87' lang='lat' dir='ltr'><strong>tunc</strong></span> <span class='ocrx_word' id='word_1_11' title='bbox 571 540 788 632; x_wconf 51' lang='lat' dir='ltr'><strong>vesperinis</strong></span> <span class='ocrx_word' id='word_1_12' title='bbox 801 566 869 634; x_wconf 82' lang='lat' dir='ltr'><strong>ego</strong></span> <span class='ocrx_word' id='word_1_13' title='bbox 890 543 1039 617; x_wconf 87' lang='lat' dir='ltr'><strong>decanus</strong></span> <span class='ocrx_word' id='word_1_14' title='bbox 1062 552 1203 624; x_wconf 64' lang='lat' dir='ltr'><strong>inventa</strong></span> 
     </span>
     <span class='ocr_line' id='line_1_4' title="bbox 155 658 1202 760; baseline 0.013 -26"><span class='ocrx_word' id='word_1_15' title='bbox 155 686 216 735; x_wconf 88' lang='lat' dir='ltr'><strong>ens</strong></span> <span class='ocrx_word' id='word_1_16' title='bbox 241 660 393 735; x_wconf 88' lang='lat' dir='ltr'><strong>eundem</strong></span> <span class='ocrx_word' id='word_1_17' title='bbox 417 683 515 751; x_wconf 81' lang='lat' dir='ltr'><strong>mag.</strong></span> <span class='ocrx_word' id='word_1_18' title='bbox 536 658 762 753; x_wconf 80' lang='lat' dir='ltr'><strong>Stephanum</strong></span> <span class='ocrx_word' id='word_1_19' title='bbox 794 662 831 730; x_wconf 89' lang='lat' dir='ltr'><strong>in</strong></span> <span class='ocrx_word' id='word_1_20' title='bbox 864 667 1025 760; x_wconf 81' lang='lat' dir='ltr'><strong>collegio</strong></span> <span class='ocrx_word' id='word_1_21' title='bbox 1046 676 1202 748; x_wconf 88' lang='lat' dir='ltr'><strong>omnium</strong></span> 
     </span>
     <span class='ocr_line' id='line_1_5' title="bbox 153 766 1203 876; baseline 0 -20"><span class='ocrx_word' id='word_1_22' title='bbox 153 786 376 864; x_wconf 80' lang='lat' dir='ltr'><strong>Sanctorum,</strong></span> <span class='ocrx_word' id='word_1_23' title='bbox 387 784 534 853; x_wconf 85' lang='lat' dir='ltr'><strong>inferius</strong></span> <span class='ocrx_word' id='word_1_24' title='bbox 547 766 585 849; x_wconf 87' lang='lat' dir='ltr'><strong>in</strong></span> <span class='ocrx_word' id='word_1_25' title='bbox 607 780 714 851; x_wconf 90' lang='lat' dir='ltr'><strong>domo</strong></span> <span class='ocrx_word' id='word_1_26' title='bbox 727 792 809 852; x_wconf 85' lang='lat' dir='ltr'><strong>ante</strong></span> <span class='ocrx_word' id='word_1_27' title='bbox 822 782 985 876; x_wconf 85' lang='lat' dir='ltr'><strong>gradum,</strong></span> <span class='ocrx_word' id='word_1_28' title='bbox 999 770 1138 866; x_wconf 83' lang='lat' dir='ltr'><strong>ibidem</strong></span> <span class='ocrx_word' id='word_1_29' title='bbox 1151 799 1203 871; x_wconf 84' lang='lat' dir='ltr'><strong>in.</strong></span> 
     </span>
     <span class='ocr_line' id='line_1_6' title="bbox 150 888 1203 1013; baseline 0.009 -36"><span class='ocrx_word' id='word_1_30' title='bbox 150 908 251 998; x_wconf 79' lang='lat' dir='ltr'><strong>junxi</strong></span> <span class='ocrx_word' id='word_1_31' title='bbox 288 907 409 976; x_wconf 55' lang='lat' dir='ltr'><strong>eidem*</strong></span> <span class='ocrx_word' id='word_1_32' title='bbox 433 905 708 997; x_wconf 88' lang='lat' dir='ltr'><strong>disputationem</strong></span> <span class='ocrx_word' id='word_1_33' title='bbox 739 904 784 973; x_wconf 88' lang='lat' dir='ltr'><strong>de</strong></span> <span class='ocrx_word' id='word_1_34' title='bbox 818 908 983 996; x_wconf 88' lang='lat' dir='ltr'><strong>quolibet</strong></span> <span class='ocrx_word' id='word_1_35' title='bbox 1016 888 1113 986; x_wconf 86' lang='lat' dir='ltr'><strong>anno</strong></span> <span class='ocrx_word' id='word_1_36' title='bbox 1136 943 1203 1013; x_wconf 90' lang='lat' dir='ltr'><strong>pro</strong></span> 
     </span>
     <span class='ocr_line' id='line_1_7' title="bbox 150 1024 1204 1131; baseline 0 -31"><span class='ocrx_word' id='word_1_37' title='bbox 150 1033 269 1101; x_wconf 79' lang='lat' dir='ltr'><strong>futuro</strong></span> <span class='ocrx_word' id='word_1_38' title='bbox 302 1027 491 1098; x_wconf 85' lang='lat' dir='ltr'><strong>secundum</strong></span> <span class='ocrx_word' id='word_1_39' title='bbox 522 1024 673 1094; x_wconf 84' lang='lat' dir='ltr'><strong>formam</strong></span> <span class='ocrx_word' id='word_1_40' title='bbox 708 1025 746 1095; x_wconf 88' lang='lat' dir='ltr'><strong>in</strong></span> <span class='ocrx_word' id='word_1_41' title='bbox 778 1033 910 1097; x_wconf 84' lang='lat' dir='ltr'><strong>statuto</strong></span> <span class='ocrx_word' id='word_1_42' title='bbox 930 1032 1096 1131; x_wconf 83' lang='lat' dir='ltr'><strong>desuper</strong></span> <span class='ocrx_word' id='word_1_43' title='bbox 1125 1062 1204 1114; x_wconf 78' lang='lat' dir='ltr'><strong>oon.</strong></span> 
     </span>
     <span class='ocr_line' id='line_1_8' title="bbox 67 1149 1199 1253; baseline 0.012 -33"><span class='ocrx_word' id='word_1_44' title='bbox 67 1166 70 1173; x_wconf 90' lang='grc'><strong><em>’</em></strong></span> <span class='ocrx_word' id='word_1_45' title='bbox 149 1153 252 1222; x_wconf 77' lang='lat' dir='ltr'><strong>fecto</strong></span> <span class='ocrx_word' id='word_1_46' title='bbox 294 1173 509 1253; x_wconf 76' lang='lat' dir='ltr'><strong>expressam.</strong></span> <span class='ocrx_word' id='word_1_47' title='bbox 582 1149 667 1240; x_wconf 85' lang='lat' dir='ltr'><strong>Ipse</strong></span> <span class='ocrx_word' id='word_1_48' title='bbox 703 1158 820 1219; x_wconf 89' lang='lat' dir='ltr'><strong>autem</strong></span> <span class='ocrx_word' id='word_1_49' title='bbox 854 1174 951 1246; x_wconf 82' lang='lat' dir='ltr'><strong>mag.</strong></span> <span class='ocrx_word' id='word_1_50' title='bbox 986 1162 1199 1234; x_wconf 81' lang='lat' dir='ltr'><strong>reverendus</strong></span> 
     </span>
     <span class='ocr_line' id='line_1_9' title="bbox 150 1270 1200 1371; baseline 0.007 -28"><span class='ocrx_word' id='word_1_51' title='bbox 150 1298 242 1357; x_wconf 83' lang='lat' dir='ltr'><strong>nnus</strong></span> <span class='ocrx_word' id='word_1_52' title='bbox 263 1270 512 1364; x_wconf 80' lang='lat' dir='ltr'><strong>disputationis</strong></span> <span class='ocrx_word' id='word_1_53' title='bbox 539 1278 755 1339; x_wconf 80' lang='lat' dir='ltr'><strong>memoratae</strong></span> <span class='ocrx_word' id='word_1_54' title='bbox 786 1278 871 1341; x_wconf 86' lang='lat' dir='ltr'><strong>tuno</strong></span> <span class='ocrx_word' id='word_1_55' title='bbox 898 1280 1114 1371; x_wconf 80' lang='lat' dir='ltr'><strong>acceptavit,</strong></span> <span class='ocrx_word' id='word_1_56' title='bbox 1145 1281 1200 1350; x_wconf 90' lang='lat' dir='ltr'><strong>di·</strong></span> 
     </span>
     <span class='ocr_line' id='line_1_10' title="bbox 155 1390 1198 1488; baseline 0.01 -24"><span class='ocrx_word' id='word_1_57' title='bbox 155 1415 261 1469; x_wconf 88' lang='lat' dir='ltr'><strong>oens:</strong></span> <span class='ocrx_word' id='word_1_58' title='bbox 297 1394 502 1476; x_wconf 83' lang='lat' dir='ltr'><strong>attentabo,</strong></span> <span class='ocrx_word' id='word_1_59' title='bbox 536 1390 669 1458; x_wconf 82' lang='lat' dir='ltr'><strong>faciens</strong></span> <span class='ocrx_word' id='word_1_60' title='bbox 698 1392 895 1462; x_wconf 81' lang='lat' dir='ltr'><strong>secundum&#39;</strong></span> <span class='ocrx_word' id='word_1_61' title='bbox 916 1399 1198 1488; x_wconf 81' lang='lat' dir='ltr'><strong>possibilitatem</strong></span> 
     </span>
     <span class='ocr_line' id='line_1_11' title="bbox 152 1511 1199 1602; baseline 0.01 -20"><span class='ocrx_word' id='word_1_62' title='bbox 152 1537 271 1583; x_wconf 88' lang='lat' dir='ltr'><strong>meam</strong></span> <span class='ocrx_word' id='word_1_63' title='bbox 299 1516 449 1599; x_wconf 89' lang='lat' dir='ltr'><strong>melius,</strong></span> <span class='ocrx_word' id='word_1_64' title='bbox 485 1511 578 1601; x_wconf 91' lang='lat' dir='ltr'><strong>quod</strong></span> <span class='ocrx_word' id='word_1_65' title='bbox 611 1519 751 1602; x_wconf 78' lang='lat' dir='ltr'><strong>potero.</strong></span> <span class='ocrx_word' id='word_1_66' title='bbox 813 1514 1039 1587; x_wconf 55' lang='lat' dir='ltr'><strong>Pru-,sentes</strong></span> <span class='ocrx_word' id='word_1_67' title='bbox 1055 1521 1199 1597; x_wconf 83' lang='lat' dir='ltr'><strong>fueraut</strong></span> 
     </span>
     <span class='ocr_line' id='line_1_12' title="bbox 143 1628 1198 1775; baseline 0.01 -73"><span class='ocrx_word' id='word_1_68' title='bbox 143 1656 250 1726; x_wconf 55' lang='lat' dir='ltr'><strong>,mag</strong></span> <span class='ocrx_word' id='word_1_69' title='bbox 266 1634 424 1704; x_wconf 81' lang='lat' dir='ltr'><strong>Mathias</strong></span> <span class='ocrx_word' id='word_1_70' title='bbox 439 1633 492 1702; x_wconf 85' lang='lat' dir='ltr'><strong>de</strong></span> <span class='ocrx_word' id='word_1_71' title='bbox 501 1628 670 1724; x_wconf 67' lang='lat' dir='ltr'><strong>Legatos,</strong></span> <span class='ocrx_word' id='word_1_72' title='bbox 695 1656 815 1703; x_wconf 82' lang='lat' dir='ltr'><strong>sacrae</strong></span> <span class='ocrx_word' id='word_1_73' title='bbox 833 1633 1043 1775; x_wconf 73' lang='lat' dir='ltr'><strong>theologiae</strong></span> <span class='ocrx_word' id='word_1_74' title='bbox 1058 1642 1198 1734; x_wconf 83' lang='lat' dir='ltr'><strong>profes</strong></span> 
     </span>
     <span class='ocr_line' id='line_1_13' title="bbox 66 1757 746 1849; baseline 0.003 -27"><span class='ocrx_word' id='word_1_75' title='bbox 66 1835 69 1844; x_wconf 28' lang='grc' dir='ltr'><strong><em>Ι</em></strong></span> <span class='ocrx_word' id='word_1_76' title='bbox 154 1778 227 1843; x_wconf 81' lang='lat' dir='ltr'><strong>sor,</strong></span> <span class='ocrx_word' id='word_1_77' title='bbox 246 1764 281 1824; x_wconf 90' lang='lat' dir='ltr'><strong>et</strong></span> <span class='ocrx_word' id='word_1_78' title='bbox 309 1779 407 1848; x_wconf 83' lang='lat' dir='ltr'><strong>mag.</strong></span> <span class='ocrx_word' id='word_1_79' title='bbox 428 1759 537 1835; x_wconf 89' lang='lat' dir='ltr'><strong>Joan</strong></span> <span class='ocrx_word' id='word_1_80' title='bbox 560 1757 746 1849; x_wconf 85' lang='lat' dir='ltr'><strong>Helcopii.</strong></span> 
     </span>
    </p>

    <p class='ocr_par' dir='ltr' id='par_1_3' title="bbox 138 1871 1196 2092">
     <span class='ocr_line' id='line_1_14' title="bbox 153 1871 1196 1970; baseline 0.014 -28"><span class='ocrx_word' id='word_1_81' title='bbox 153 1884 159 1926; x_wconf 89' lang='lat'><strong>&#39;-</strong></span> <span class='ocrx_word' id='word_1_82' title='bbox 250 1876 345 1944; x_wconf 86' lang='lat' dir='ltr'><strong>Item</strong></span> <span class='ocrx_word' id='word_1_83' title='bbox 383 1871 443 1949; x_wconf 77' lang='grc'><strong>25</strong></span> <span class='ocrx_word' id='word_1_84' title='bbox 473 1878 531 1946; x_wconf 91' lang='lat' dir='ltr'><strong>die</strong></span> <span class='ocrx_word' id='word_1_85' title='bbox 561 1880 687 1946; x_wconf 88' lang='lat' dir='ltr'><strong>mensis</strong></span> <span class='ocrx_word' id='word_1_86' title='bbox 722 1876 901 1970; x_wconf 82' lang='lat' dir='ltr'><strong>praedicti</strong></span> <span class='ocrx_word' id='word_1_87' title='bbox 930 1882 1051 1951; x_wconf 82' lang='lat' dir='ltr'><strong>Petrus</strong></span> <span class='ocrx_word' id='word_1_88' title='bbox 1071 1884 1196 1957; x_wconf 76' lang='lat' dir='ltr'><strong>soter·</strong></span> 
     </span>
     <span class='ocr_line' id='line_1_15' title="bbox 138 1992 1012 2092; baseline 0.014 -29"><span class='ocrx_word' id='word_1_89' title='bbox 138 1992 231 2070; x_wconf 58' lang='lat' dir='ltr'><strong>‘bnk</strong></span> <span class='ocrx_word' id='word_1_90' title='bbox 251 1996 328 2078; x_wconf 75' lang='lat' dir='ltr'><strong>det,</strong></span> <span class='ocrx_word' id='word_1_91' title='bbox 351 2000 414 2072; x_wconf 92' lang='lat' dir='ltr'><strong>sub</strong></span> <span class='ocrx_word' id='word_1_92' title='bbox 440 2021 539 2090; x_wconf 76' lang='lat' dir='ltr'><strong>mag.</strong></span> <span class='ocrx_word' id='word_1_93' title='bbox 562 1999 756 2092; x_wconf 88' lang='lat' dir='ltr'><strong>Ludolpho</strong></span> <span class='ocrx_word' id='word_1_94' title='bbox 777 2001 1012 2076; x_wconf 80' lang='lat' dir='ltr'><strong>Mesterman.</strong></span> 
     </span>
    </p>

    <p class='ocr_par' dir='ltr' id='par_1_4' title="bbox 154 2121 1198 2353">
     <span class='ocr_line' id='line_1_16' title="bbox 155 2121 1198 2215; baseline 0.013 -27"><span class='ocrx_word' id='word_1_95' title='bbox 155 2135 183 2155; x_wconf 79' lang='grc'><strong>·“</strong></span> <span class='ocrx_word' id='word_1_96' title='bbox 251 2121 344 2190; x_wconf 84' lang='lat' dir='ltr'><strong>Item</strong></span> <span class='ocrx_word' id='word_1_97' title='bbox 369 2126 404 2194; x_wconf 71' lang='lat'><strong>2.</strong></span> <span class='ocrx_word' id='word_1_98' title='bbox 428 2121 487 2192; x_wconf 87' lang='lat' dir='ltr'><strong>die</strong></span> <span class='ocrx_word' id='word_1_99' title='bbox 505 2123 635 2190; x_wconf 89' lang='lat' dir='ltr'><strong>mensis</strong></span> <span class='ocrx_word' id='word_1_100' title='bbox 661 2125 752 2191; x_wconf 86' lang='lat' dir='ltr'><strong>Julil</strong></span> <span class='ocrx_word' id='word_1_101' title='bbox 775 2125 1020 2215; x_wconf 86' lang='lat' dir='ltr'><strong>Engelbertus</strong></span> <span class='ocrx_word' id='word_1_102' title='bbox 1039 2128 1086 2199; x_wconf 79' lang='lat' dir='ltr'><strong>de</strong></span> <span class='ocrx_word' id='word_1_103' title='bbox 1104 2130 1198 2202; x_wconf 82' lang='lat' dir='ltr'><strong>Grii·</strong></span> 
     </span>
     <span class='ocr_line' id='line_1_17' title="bbox 154 2244 1007 2353; baseline 0.006 -39"><span class='ocrx_word' id='word_1_104' title='bbox 154 2264 304 2339; x_wconf 82' lang='lat' dir='ltr'><strong>nyngen</strong></span> <span class='ocrx_word' id='word_1_105' title='bbox 324 2247 395 2317; x_wconf 83' lang='lat' dir='ltr'><strong>det.</strong></span> <span class='ocrx_word' id='word_1_106' title='bbox 422 2245 483 2315; x_wconf 90' lang='lat' dir='ltr'><strong>sub</strong></span> <span class='ocrx_word' id='word_1_107' title='bbox 506 2266 601 2335; x_wconf 84' lang='lat' dir='ltr'><strong>mag.</strong></span> <span class='ocrx_word' id='word_1_108' title='bbox 621 2244 1007 2353; x_wconf 59' lang='lat' dir='ltr'><strong>BaltheroHarrasser.</strong></span> 
     </span>
    </p>

    <p class='ocr_par' dir='ltr' id='par_1_5' title="bbox 155 2363 1201 2702">
     <span class='ocr_line' id='line_1_18' title="bbox 250 2363 1197 2462; baseline 0.004 -27"><span class='ocrx_word' id='word_1_109' title='bbox 250 2367 345 2437; x_wconf 88' lang='lat' dir='ltr'><strong>Item</strong></span> <span class='ocrx_word' id='word_1_110' title='bbox 371 2367 413 2447; x_wconf 69' lang='grc'><strong>4,</strong></span> <span class='ocrx_word' id='word_1_111' title='bbox 447 2363 507 2432; x_wconf 88' lang='lat' dir='ltr'><strong>die</strong></span> <span class='ocrx_word' id='word_1_112' title='bbox 536 2365 664 2433; x_wconf 81' lang='lat' dir='ltr'><strong>mensis</strong></span> <span class='ocrx_word' id='word_1_113' title='bbox 687 2364 847 2451; x_wconf 76' lang='lat' dir='ltr'><strong>eJnsdem</strong></span> <span class='ocrx_word' id='word_1_114' title='bbox 879 2368 1034 2435; x_wconf 70' lang='lat' dir='ltr'><strong>loannes</strong></span> <span class='ocrx_word' id='word_1_115' title='bbox 1058 2364 1197 2462; x_wconf 77' lang='lat' dir='ltr'><strong>Zeghe·</strong></span> 
     </span>
     <span class='ocr_line' id='line_1_19' title="bbox 155 2486 1201 2580; baseline -0.001 -18"><span class='ocrx_word' id='word_1_116' title='bbox 155 2493 252 2562; x_wconf 89' lang='lat' dir='ltr'><strong>bode</strong></span> <span class='ocrx_word' id='word_1_117' title='bbox 275 2493 321 2558; x_wconf 87' lang='lat' dir='ltr'><strong>de</strong></span> <span class='ocrx_word' id='word_1_118' title='bbox 335 2486 550 2570; x_wconf 72' lang='lat' dir='ltr'><strong>liuderdam,</strong></span> <span class='ocrx_word' id='word_1_119' title='bbox 564 2496 600 2554; x_wconf 92' lang='lat' dir='ltr'><strong>et</strong></span> <span class='ocrx_word' id='word_1_120' title='bbox 612 2487 764 2556; x_wconf 75' lang='lat' dir='ltr'><strong>Iacobus</strong></span> <span class='ocrx_word' id='word_1_121' title='bbox 779 2487 1022 2580; x_wconf 82' lang='lat' dir='ltr'><strong>Lichtenberg</strong></span> <span class='ocrx_word' id='word_1_122' title='bbox 1037 2489 1082 2558; x_wconf 89' lang='lat' dir='ltr'><strong>de</strong></span> <span class='ocrx_word' id='word_1_123' title='bbox 1091 2491 1201 2561; x_wconf 81' lang='lat' dir='ltr'><strong>Frau-</strong></span> 
     </span>
     <span class='ocr_line' id='line_1_20' title="bbox 157 2607 1152 2702; baseline 0.006 -22"><span class='ocrx_word' id='word_1_124' title='bbox 157 2610 348 2680; x_wconf 77' lang='lat' dir='ltr'><strong>lsenfordis</strong></span> <span class='ocrx_word' id='word_1_125' title='bbox 370 2609 458 2677; x_wconf 84' lang='lat' dir='ltr'><strong>dett.</strong></span> <span class='ocrx_word' id='word_1_126' title='bbox 481 2610 546 2677; x_wconf 90' lang='lat' dir='ltr'><strong>sub</strong></span> <span class='ocrx_word' id='word_1_127' title='bbox 568 2632 664 2701; x_wconf 83' lang='lat' dir='ltr'><strong>mag.</strong></span> <span class='ocrx_word' id='word_1_128' title='bbox 690 2607 912 2700; x_wconf 86' lang='lat' dir='ltr'><strong>Marqnardo</strong></span> <span class='ocrx_word' id='word_1_129' title='bbox 927 2612 1152 2702; x_wconf 77' lang='lat' dir='ltr'><strong>Kryneman.</strong></span> 
     </span>
    </p>

    <p class='ocr_par' dir='ltr' id='par_1_6' title="bbox 157 2730 1196 3045">
     <span class='ocr_line' id='line_1_21' title="bbox 252 2730 1193 2826; baseline 0.007 -27"><span class='ocrx_word' id='word_1_130' title='bbox 252 2732 343 2801; x_wconf 87' lang='lat' dir='ltr'><strong>Item</strong></span> <span class='ocrx_word' id='word_1_131' title='bbox 361 2732 396 2802; x_wconf 88' lang='lat'><strong>6.</strong></span> <span class='ocrx_word' id='word_1_132' title='bbox 417 2730 479 2799; x_wconf 89' lang='lat' dir='ltr'><strong>die</strong></span> <span class='ocrx_word' id='word_1_133' title='bbox 499 2731 626 2800; x_wconf 86' lang='lat' dir='ltr'><strong>mensis</strong></span> <span class='ocrx_word' id='word_1_134' title='bbox 639 2732 730 2801; x_wconf 86' lang='lat' dir='ltr'><strong>Julii</strong></span> <span class='ocrx_word' id='word_1_135' title='bbox 753 2733 933 2826; x_wconf 80' lang='lat' dir='ltr'><strong>praedicti</strong></span> <span class='ocrx_word' id='word_1_136' title='bbox 942 2733 1193 2825; x_wconf 77' lang='lat' dir='ltr'><strong>Tydsinannus</strong></span> 
     </span>
     <span class='ocr_line' id='line_1_22' title="bbox 157 2851 1196 2949; baseline 0.003 -27"><span class='ocrx_word' id='word_1_137' title='bbox 157 2854 205 2922; x_wconf 90' lang='lat' dir='ltr'><strong>de</strong></span> <span class='ocrx_word' id='word_1_138' title='bbox 236 2851 432 2925; x_wconf 85' lang='lat' dir='ltr'><strong>Tremonia</strong></span> <span class='ocrx_word' id='word_1_139' title='bbox 451 2860 488 2920; x_wconf 87' lang='lat' dir='ltr'><strong>et</strong></span> <span class='ocrx_word' id='word_1_140' title='bbox 506 2852 631 2930; x_wconf 77' lang='lat' dir='ltr'><strong>Petrus</strong></span> <span class='ocrx_word' id='word_1_141' title='bbox 655 2853 873 2946; x_wconf 75' lang='lat' dir='ltr'><strong>zelgemut</strong></span> <span class='ocrx_word' id='word_1_142' title='bbox 897 2853 991 2929; x_wconf 83' lang='lat' dir='ltr'><strong>dett.</strong></span> <span class='ocrx_word' id='word_1_143' title='bbox 1017 2855 1083 2924; x_wconf 88' lang='lat' dir='ltr'><strong>snb</strong></span> <span class='ocrx_word' id='word_1_144' title='bbox 1104 2877 1196 2949; x_wconf 75' lang='lat' dir='ltr'><strong>mog.</strong></span> 
     </span>
     <span class='ocr_line' id='line_1_23' title="bbox 157 2973 563 3045; baseline 0.007 -3"><span class='ocrx_word' id='word_1_145' title='bbox 157 2973 337 3044; x_wconf 78' lang='lat' dir='ltr'><strong>Baltliero</strong></span> <span class='ocrx_word' id='word_1_146' title='bbox 359 2975 563 3045; x_wconf 79' lang='lat' dir='ltr'><strong>Harrasser.</strong></span> 
     </span>
    </p>

    <p class='ocr_par' dir='ltr' id='par_1_7' title="bbox 155 3095 1204 3901">
     <span class='ocr_line' id='line_1_24' title="bbox 250 3095 1197 3188; baseline 0.004 -22"><span class='ocrx_word' id='word_1_147' title='bbox 250 3096 344 3166; x_wconf 90' lang='lat' dir='ltr'><strong>Item</strong></span> <span class='ocrx_word' id='word_1_148' title='bbox 367 3096 494 3166; x_wconf 83' lang='lat' dir='ltr'><strong>eodem</strong></span> <span class='ocrx_word' id='word_1_149' title='bbox 507 3095 566 3165; x_wconf 87' lang='lat' dir='ltr'><strong>die</strong></span> <span class='ocrx_word' id='word_1_150' title='bbox 587 3095 752 3188; x_wconf 77' lang='lat' dir='ltr'><strong>Syiridus</strong></span> <span class='ocrx_word' id='word_1_151' title='bbox 769 3095 1017 3183; x_wconf 85' lang='lat' dir='ltr'><strong>Grenenstein,</strong></span> <span class='ocrx_word' id='word_1_152' title='bbox 1038 3097 1197 3170; x_wconf 74' lang='lat' dir='ltr'><strong>baooale·</strong></span> 
     </span>
     <span class='ocr_line' id='line_1_25' title="bbox 158 3218 1200 3310; baseline -0.001 -22"><span class='ocrx_word' id='word_1_153' title='bbox 158 3220 299 3288; x_wconf 83' lang='lat' dir='ltr'><strong>riandus</strong></span> <span class='ocrx_word' id='word_1_154' title='bbox 321 3218 360 3288; x_wconf 91' lang='lat' dir='ltr'><strong>in</strong></span> <span class='ocrx_word' id='word_1_155' title='bbox 371 3219 516 3303; x_wconf 89' lang='lat' dir='ltr'><strong>artibus,</strong></span> <span class='ocrx_word' id='word_1_156' title='bbox 525 3219 658 3310; x_wconf 88' lang='lat' dir='ltr'><strong>petivit</strong></span> <span class='ocrx_word' id='word_1_157' title='bbox 669 3241 749 3286; x_wconf 87' lang='lat' dir='ltr'><strong>oum</strong></span> <span class='ocrx_word' id='word_1_158' title='bbox 761 3222 967 3292; x_wconf 86' lang='lat' dir='ltr'><strong>testimonio</strong></span> <span class='ocrx_word' id='word_1_159' title='bbox 978 3218 1127 3289; x_wconf 82' lang='lat' dir='ltr'><strong>duorum</strong></span> <span class='ocrx_word' id='word_1_160' title='bbox 1140 3218 1200 3288; x_wconf 84' lang='lat' dir='ltr'><strong>bo·</strong></span> 
     </span>
     <span class='ocr_line' id='line_1_26' title="bbox 155 3337 1198 3440; baseline 0.001 -30"><span class='ocrx_word' id='word_1_161' title='bbox 155 3340 368 3410; x_wconf 83' lang='lat' dir='ltr'><strong>notabilium</strong></span> <span class='ocrx_word' id='word_1_162' title='bbox 406 3341 586 3424; x_wconf 80' lang='lat' dir='ltr'><strong>virorum,</strong></span> <span class='ocrx_word' id='word_1_163' title='bbox 628 3342 795 3414; x_wconf 82' lang='lat' dir='ltr'><strong>scilicet:</strong></span> <span class='ocrx_word' id='word_1_164' title='bbox 832 3337 1027 3440; x_wconf 78' lang='lat' dir='ltr'><strong>Heninghi·</strong></span> <span class='ocrx_word' id='word_1_165' title='bbox 1043 3341 1090 3411; x_wconf 81' lang='lat' dir='ltr'><strong>de</strong></span> <span class='ocrx_word' id='word_1_166' title='bbox 1116 3342 1198 3413; x_wconf 88' lang='lat' dir='ltr'><strong>Hil-</strong></span> 
     </span>
     <span class='ocr_line' id='line_1_27' title="bbox 158 3461 1200 3556; baseline -0.005 -20"><span class='ocrx_word' id='word_1_167' title='bbox 158 3466 314 3547; x_wconf 81' lang='lat' dir='ltr'><strong>denaom,</strong></span> <span class='ocrx_word' id='word_1_168' title='bbox 338 3485 437 3554; x_wconf 80' lang='lat' dir='ltr'><strong>mag.</strong></span> <span class='ocrx_word' id='word_1_169' title='bbox 466 3464 503 3530; x_wconf 92' lang='lat' dir='ltr'><strong>in</strong></span> <span class='ocrx_word' id='word_1_170' title='bbox 535 3466 678 3548; x_wconf 79' lang='lat' dir='ltr'><strong>antibus,</strong></span> <span class='ocrx_word' id='word_1_171' title='bbox 705 3473 741 3531; x_wconf 90' lang='lat' dir='ltr'><strong>et</strong></span> <span class='ocrx_word' id='word_1_172' title='bbox 771 3463 950 3554; x_wconf 82' lang='lat' dir='ltr'><strong>&#39;I&#39;yderioi</strong></span> <span class='ocrx_word' id='word_1_173' title='bbox 979 3465 1024 3532; x_wconf 84' lang='lat' dir='ltr'><strong>do</strong></span> <span class='ocrx_word' id='word_1_174' title='bbox 1052 3461 1200 3556; x_wconf 78' lang='lat' dir='ltr'><strong>Gheys·</strong></span> 
     </span>
     <span class='ocr_line' id='line_1_28' title="bbox 157 3583 1203 3670; baseline -0.002 -13"><span class='ocrx_word' id='word_1_175' title='bbox 157 3586 280 3670; x_wconf 81' lang='lat' dir='ltr'><strong>maria,</strong></span> <span class='ocrx_word' id='word_1_176' title='bbox 308 3584 517 3664; x_wconf 81' lang='lat' dir='ltr'><strong>baooalatii,</strong></span> <span class='ocrx_word' id='word_1_177' title='bbox 543 3583 785 3655; x_wconf 83' lang='lat' dir='ltr'><strong>dimissionem</strong></span> <span class='ocrx_word' id='word_1_178' title='bbox 811 3588 988 3658; x_wconf 83' lang='lat' dir='ltr'><strong>bursarum</strong></span> <span class='ocrx_word' id='word_1_179' title='bbox 1015 3584 1203 3655; x_wconf 78' lang='lat' dir='ltr'><strong>seomdum</strong></span> 
     </span>
     <span class='ocr_line' id='line_1_29' title="bbox 157 3702 1204 3802; baseline 0.002 -28"><span class='ocrx_word' id='word_1_180' title='bbox 157 3705 311 3778; x_wconf 82' lang='lat' dir='ltr'><strong>formam</strong></span> <span class='ocrx_word' id='word_1_181' title='bbox 341 3708 493 3796; x_wconf 66' lang='lat' dir='ltr'><strong>statuti,</strong></span> <span class='ocrx_word' id='word_1_182' title='bbox 519 3710 619 3798; x_wconf 79' lang='lat' dir='ltr'><strong>cujus</strong></span> <span class='ocrx_word' id='word_1_183' title='bbox 649 3708 880 3802; x_wconf 83' lang='lat' dir='ltr'><strong>petitionem</strong></span> <span class='ocrx_word' id='word_1_184' title='bbox 889 3702 1051 3781; x_wconf 73' lang='lat' dir='ltr'><strong>facultas</strong></span> <span class='ocrx_word' id='word_1_185' title='bbox 1078 3705 1204 3777; x_wconf 74' lang='lat' dir='ltr'><strong>stetim</strong></span> 
     </span>
     <span class='ocr_line' id='line_1_30' title="bbox 159 3830 505 3906; baseline 0.009 -10"><span class='ocrx_word' id='word_1_186' title='bbox 159 3830 353 3906; x_wconf 77' lang='lat' dir='ltr'><strong>exaudivit.</strong></span> <span class='ocrx_word' id='word_1_187' title='bbox 473 3867 505 3875; x_wconf 92' lang='lat'><strong>··</strong></span> 
     </span>
    </p>

    <p class='ocr_par' dir='ltr' id='par_1_8' title="bbox 158 3950 1202 4173">
     <span class='ocr_line' id='line_1_31' title="bbox 253 3950 1200 4058; baseline 0.001 -38"><span class='ocrx_word' id='word_1_188' title='bbox 253 3953 346 4024; x_wconf 88' lang='lat' dir='ltr'><strong>Item</strong></span> <span class='ocrx_word' id='word_1_189' title='bbox 367 3951 427 4026; x_wconf 91' lang='grc'><strong>11.</strong></span> <span class='ocrx_word' id='word_1_190' title='bbox 450 3952 511 4025; x_wconf 85' lang='lat' dir='ltr'><strong>die</strong></span> <span class='ocrx_word' id='word_1_191' title='bbox 530 3953 658 4026; x_wconf 79' lang='lat' dir='ltr'><strong>mensis</strong></span> <span class='ocrx_word' id='word_1_192' title='bbox 684 3954 844 4044; x_wconf 73' lang='lat' dir='ltr'><strong>ejsudem</strong></span> <span class='ocrx_word' id='word_1_193' title='bbox 867 3952 1043 4058; x_wconf 46' lang='lat' dir='ltr'><strong>Aglbertiu</strong></span> <span class='ocrx_word' id='word_1_194' title='bbox 1064 3950 1200 4025; x_wconf 72' lang='lat' dir='ltr'><strong>varen-</strong></span> 
     </span>
     <span class='ocr_line' id='line_1_32' title="bbox 158 4070 1202 4173; baseline -0.012 -25"><span class='ocrx_word' id='word_1_195' title='bbox 158 4081 287 4173; x_wconf 77' lang='lat' dir='ltr'><strong>trappe</strong></span> <span class='ocrx_word' id='word_1_196' title='bbox 316 4077 360 4150; x_wconf 82' lang='lat' dir='ltr'><strong>do</strong></span> <span class='ocrx_word' id='word_1_197' title='bbox 383 4075 605 4148; x_wconf 77' lang='lat' dir='ltr'><strong>ll&#39;louasterio</strong></span> <span class='ocrx_word' id='word_1_198' title='bbox 629 4079 702 4151; x_wconf 78' lang='lat' dir='ltr'><strong>det.</strong></span> <span class='ocrx_word' id='word_1_199' title='bbox 728 4076 789 4147; x_wconf 89' lang='lat' dir='ltr'><strong>sub</strong></span> <span class='ocrx_word' id='word_1_200' title='bbox 814 4096 907 4170; x_wconf 76' lang='lat' dir='ltr'><strong>mag.</strong></span> <span class='ocrx_word' id='word_1_201' title='bbox 926 4070 1202 4148; x_wconf 74' lang='lat' dir='ltr'><strong>toannoemn.</strong></span> 
     </span>
    </p>
   </div>
   <div class='ocr_carea' id='block_1_3' title="bbox 0 0 1371 4740">
    <p class='ocr_par' dir='ltr' id='par_1_9' title="bbox 0 0 1371 4740">
     <span class='ocr_line' id='line_1_33' title="bbox 0 0 1371 4740; baseline 0 0"><span class='ocrx_word' id='word_1_202' title='bbox 0 0 1371 4740; x_wconf 95' lang='lat' dir='ltr'><strong> </strong></span> 
     </span>
    </p>
   </div>
  </div>
 </body>
</html>
