2700 4732
85 261 240 356 nux.
1019 289 1099 380 wru

48 483 173 564 larium
194 488 231 551 et
259 487 372 574 petat,
394 476 489 566 quod
510 479 611 563 Juxta
643 484 809 550 tenorem
836 480 961 551 bullae
989 480 1094 551 datae

50 605 87 672 in
108 609 322 673 erectionem
346 599 583 671 univcrsitatis
612 620 683 668 nun
698 601 812 687 aliua,
837 603 905 671 uisi
936 611 1018 672 actu
1036 580 1100 675 re}

51 698 173 816 {entes
194 729 234 795 in
255 725 429 794 facultate
449 721 590 805 artium,
612 721 651 789 in
679 723 886 814 praedictos
914 726 1094 797 examina-

52 856 147 917 tores
171 848 297 941 eligat,
319 854 424 936 atque
450 843 548 913 locet
577 837 633 938 ³⁵).
1011 853 1014 857 “

540 988 604 1066 17.
729 1044 731 1054 .

55 1128 279 1234 Βὶιρέωατὶο
305 1126 347 1203 de
369 1122 489 1205 tribus
513 1120 731 1204 tractatibus
750 1142 878 1227 etune
903 1122 995 1207 libro
1008 1148 1098 1234 par-

527 1246 624 1327 ticli.
792 1335 795 1338 ⁴
1019 1349 1026 1369 .
1083 1244 1100 1348 J

71 1438 75 1445 »
146 1395 241 1464 ltem
254 1419 312 1471 ao.
334 1394 482 1465 Domini
502 1395 616 1467 1398.
631 1396 669 1464 in
685 1394 858 1465 decanatu
878 1422 974 1493 mag.
996 1401 1097 1474 Petri

61 1516 103 1586 da
126 1517 244 1587 Grecz
266 1517 361 1585 facta
388 1518 497 1608 plena
521 1518 801 1608 congregatione
823 1517 1007 1589 facultatis
1033 1523 1097 1593 sub

61 1641 124 1712 hac
141 1641 280 1708 format
308 1641 489 1729 Magister
517 1632 735 1713 reverende!
764 1639 841 1706 sitis
869 1640 980 1710 hodie
1006 1642 1098 1714 hura

63 1767 121 1841 19.
146 1766 182 1834 in
199 1763 355 1857 concilio
383 1761 564 1831 facultatis
582 1762 632 1830 ad
652 1760 855 1845 videndum,
879 1786 924 1831 an
943 1786 1097 1858 concep·

61 1896 132 1956 tum
155 1910 220 1980 per
242 1893 389 1974 quatuor
422 1883 612 1974 magistros
642 1908 663 1951 a
687 1884 859 1951 facultate
884 1906 989 1975 super
1004 1866 1006 1871 ⁸
1020 1885 1100 1974 qui·

63 2012 203 2080 busdam
221 2009 384 2078 articulis
407 2007 594 2099 deputatos
615 2007 661 2073 sit
686 2004 851 2073 finaliter
879 2006 1098 2089 concluden-

62 2132 228 2204 rlrun'aub
257 2153 374 2224 poena
404 2129 565 2220 praestiti
593 2130 796 2214 juramenti,
822 2136 858 2193 et
887 2150 1003 2219 poena
1028 2151 1100 2197 non

59 2253 345 2339 contradicendi,
384 2251 589 2318 conclusum
613 2249 680 2317 fuit
697 2250 798 2318 nullo
823 2249 1103 2330 contradicente,

58 2376 153 2468 quud
182 2376 334 2442 decanus
368 2372 572 2463 convocatis
607 2380 753 2459 quatuor
795 2370 1104 2461 dispensatoribus

57 2496 250 2567 lectionum
270 2495 307 2560 in
327 2493 469 2585 privato
489 2492 593 2567 simul
612 2489 744 2558 habeat
761 2491 1006 2557 auctoritatem
1026 2489 1105 2557 cum

59 2614 195 2684 eisdem
224 2612 455 2706 dispensandi
485 2621 623 2679 tantum
643 2634 721 2680 cum
751 2611 865 2678 tribus
885 2610 1106 2693 tractatibus,

55 2750 94 2807 et
107 2761 175 2807 uno
196 2738 292 2804 libro
312 2736 472 2826 partiali,
490 2745 525 2802 et
544 2758 614 2803 non
638 2735 741 2815 ultra,
761 2733 876 2822 quoad
896 2755 1001 2805 unum
1020 2755 1104 2828 gra·
1195 2799 1199 2807 ,

55 2859 155 2941 dum,
176 2858 349 2926 videlicet
373 2852 628 2926 baccalariatus
645 2856 704 2923 vel
724 2857 938 2948 magisterii,

547 3017 610 3093 18.

158 3161 252 3229 Item
276 3159 312 3230 in
341 3159 465 3227 eadem
496 3159 780 3257 congregatione*
800 3157 868 3227 fuit
893 3134 1103 3242 concursura,

52 3279 156 3374 quud
186 3281 367 3348 venientes
390 3282 434 3348 ab
462 3280 543 3348 aliis
571 3280 881 3365 universitatibus,
913 3282 1103 3374 inquibus

53 3403 272 3473 audiverunt
295 3403 465 3471 lectiones
486 3425 555 3495 pro
584 3403 764 3495 gradibus,
793 3403 948 3472 debeant
973 3390 1103 3493 jurare,

54 3525 157 3616 quod
180 3525 434 3619 expediverunt
457 3527 648 3617 magistros
666 3525 713 3595 de
741 3534 859 3618 pastu,
890 3528 948 3594 vel
976 3504 1099 3601 vulun-

54 3657 173 3716 tateur
200 3671 321 3717 eorum
348 3649 598 3738 obtinuerunt3
626 3660 662 3717 et
689 3650 811 3717 volens
832 3651 1037 3741 promoveri
1057 3650 1103 3743 aul

53 3766 212 3862 gradum
233 3769 485 3841 baccalariatus
505 3773 637 3841 debeat
655 3782 750 3873 stare
773 3745 918 3843 minime
940 3795 1007 3865 per
1028 3795 1102 3841 me·

77 4024 117 4102 ³)
138 4037 233 4089 Serius
247 4037 314 4098 add,
323 4036 386 4089 Huc
395 4033 538 4105 pertinere
554 4037 706 4094 uideturet
720 4034 798 4092 aliud
810 4041 946 4092 statutum
956 4026 1008 4086 fol.
1017 4025 1066 4094 89.
