2700 4732
1075 182 1152 301 uss
1230 203 1249 280 s

189 413 282 483 Item
313 409 374 480 die
407 408 465 481 12.
500 404 631 482 mensis
659 397 823 496 ejusdem
851 389 1140 493 Lamentiusl2da

93 538 304 608 Harrawicz
325 537 395 608 det
416 531 478 601 sub
494 553 593 623 mag
620 531 801 617 stanislao
824 535 871 605 de
893 539 1068 641 Znoyma.
1135 598 1138 604 ,

191 657 283 767 Item
317 656 442 725 eadem
487 654 547 721 die
583 653 756 735 Nicoluus
783 658 933 754 Keding
960 661 1035 732 det.
1077 667 1139 735 suh

92 805 187 874 mag.
208 779 406 871 Heningho
429 777 473 847 de
494 777 735 868 Hyldensem.
814 815 817 819 >

193 905 286 972 Item
308 898 370 977 15.
386 900 445 970 die
464 903 759 988 mensisejusdem
769 902 945 975 Martinus
957 905 1144 981 Cunssonis

98 1028 145 1096 de
163 1029 281 1118 Praga
306 1027 379 1095 det.
404 1024 467 1092 sub
491 1025 746 1115 maglocune
767 1023 1064 1119 chussyenicz.
1120 1050 1127 1061 ·

190 1147 283 1216 Item
313 1146 444 1216 eodem.
466 1143 541 1212 die·
560 1135 807 1214 Leuinus..de'
823 1146 949 1220 Berlin
981 1153 1052 1221 det.
1076 1152 1142 1222 sub

94 1291 190 1361 mag.
209 1268 410 1337 Helmoldo
435 1266 480 1334 de
501 1263 752 1339 zolrhwedel„
872 1316 874 1321 -
1020 1314 1025 1325 ·
1227 1357 1231 1362 Ι

190 1389 283 1458 Item
302 1391 364 1460 28.
392 1390 448 1458 die
464 1388 592 1456 mensis
610 1387 788 1479 praedicti
805 1388 981 1483 Georgius
1002 1395 1141 1466 Maller
1236 1383 1239 1389 ¹

95 1516 170 1583 det.
195 1513 257 1578 sub
280 1534 376 1603 mag.
402 1511 511 1578 Petro
538 1509 583 1577 dc
601 1510 770 1601 Legnicz.

104 1707 107 1713 ,
192 1630 285 1698 Item
317 1613 434 1723 prinr'a
463 1628 523 1697 die
560 1630 689 1698 mensis
726 1631 877 1724 Augusti
914 1633 1142 1709 Hermannns
1217 1677 1226 1696 »

94 1752 209 1822 Polan
246 1753 291 1821 dc
323 1749 498 1822 Gdanczk
531 1753 605 1828 det.
631 1750 696 1820 sub
735 1775 832 1846 mag.
854 1756 1058 1829 Laurentio
1092 1759 1141 1829 de

93 1874 318 1965 Heylsberg.
935 1923 942 1935 .

191 1992 284 2061 Item
316 1993 441 2061 eadem
462 1992 522 2063 die
545 1993 713 2085 Syfridus
739 1993 783 2064 de
808 1994 1040 2067 Grclenstein
1068 1921 1145 2066 (let.

93 2123 154 2187 sub
178 2138 273 2205 mag.
294 2115 432 2181 Joanne
452 2117 581 2186 Arsen
1028 2146 1032 2151 ¹

191 2238 284 2303 Item
322 2237 382 2303 10.
420 2234 478 2301 uie
504 2237 634 2304 mensis
655 2237 814 2324 ejusdcm
844 2241 1000 2307 Joannes
1023 2239 1142 2328 Zagre

97 2361 142 2429 de
172 2356 347 2427 Gdanczk
371 2358 447 2430 det.
474 2359 539 2427 sub
555 2382 650 2451 mag.
671 2360 822 2428 Nicolao
845 2361 960 2429 Stocr.
986 2402 990 2413 ι
1143 2434 1146 2440 ,

188 2484 281 2550 Item
312 2480 372 2546 die
405 2483 464 2552 21.
502 2487 631 2551 mensis
664 2482 823 2569 ejusdem
857 2505 951 2574 mag.
980 2484 1142 2553 Joannes

94 2606 267 2697 Helcopii
296 2601 430 2695 petivit
451 2601 660 2674 facultatem
677 2628 744 2696 pro
765 2606 923 2674 subsidio
943 2612 1140 2676 commuta·

93 2732 169 2797 tivo
191 2726 262 2817 (²3)
291 2724 441 2794 facultas
467 2733 583 2795 autem
604 2726 817 2817 petitionem
845 2729 920 2812 eJus
951 2727 1140 2794 exaudiens

96 2850 256 2919 decrevit
278 2850 346 2918 sibi
364 2857 436 2914 tres
469 2869 660 2939 sexagenas
680 2870 881 2939 grossorum
906 2846 1036 2915 debere
1059 2846 1149 2917 dari

95 2972 140 3038 dc
162 2971 320 3063 pecuniis
342 2968 543 3052 facultatis,
569 2991 653 3056 quas
676 2989 746 3059 ego
768 2967 921 3038 decanus
952 2966 1142 3060 supradic-¹

93 3097 149 3157 tus
175 3091 243 3157 ribi
270 3090 362 3156 solvi
386 3092 424 3157 in
441 3112 520 3158 meo
544 3088 713 3157 decanatu
739 3089 839 3179 (sic).

188 3207 281 3274 Item
301 3208 426 3277 eodem
446 3209 504 3277 die
528 3232 625 3301 mag.
648 3211 773 3279 Petrus
795 3212 931 3280 Poscrn
944 3209 1077 3304 petivit
1100 3219 1137 3281 et

94 3329 252 3397 obtinuit
274 3328 570 3419 dispensationem
588 3330 633 3398 de
659 3331 804 3401 biennio
823 3351 892 3425 pro
911 3352 1003 3424 mag.
1029 3332 1137 3400 Nico-

93 3452 154 3520 lao
176 3448 220 3515 de
242 3449 418 3517 Gdanczk
438 3453 626 3521 secundum
651 3452 801 3521 formam
823 3453 955 3530 statuti.
1020 3492 1036 3504 =-
1147 3463 1148 3469 ’

190 3572 282 3638 Item
308 3573 371 3645 26.
396 3567 454 3640 die
474 3574 602 3642 mensis
624 3574 776 3667 Augusti
802 3575 864 3643 sub
883 3596 977 3668 mag.
1000 3573 1137 3644 Stanis·

94 3694 153 3761 lac
194 3694 239 3759 de
272 3693 438 3781 Znoyma
472 3694 602 3761 Paulus
632 3693 677 3765 de
711 3700 842 3789 Praga,
867 3694 1073 3764 licentiatus
1086 3697 1185 3785 iu„

92 3814 242 3890 artibus
270 3815 409 3903 incepit
429 3812 466 3879 in
487 3813 634 3892 eisdem.

188 3933 281 4003 item
309 3935 597 4006 rudimentis
622 3937 782 4023 ciusdem
801 3935 1153 4036 HermannusAcu
