2714 4740
160 196 282 315 'liuba'
306 245 346 312 V.
633 228 635 243 ¹
815 280 819 287 .
967 219 970 229 ¹
1145 212 1192 312 77

135 437 326 513 steriorum
370 443 393 512 3
428 464 545 534 gross.
587 466 654 535 per
688 451 762 512 tres
798 464 958 525 menses,
989 430 1194 542 ’topicorum

139 559 356 638 Aristotelis
409 565 434 637 4
450 588 608 656 ¹grossos
645 588 712 657 per
760 544 791 637 '4
831 589 991 649 menses,
1044 557 1193 638 elenchoa
1209 577 1318 670 Topica

140 709 221 758 rum
253 691 277 758 2
304 711 418 779 groco.
455 711 521 780 per
543 690 566 758 3
591 710 763 786 mensem
784 699 968 760 tractatur
995 685 1099 764 Petri
1128 685 1196 762 Hi·
1215 678 1311 814 ἶῖιῗῗ

143 808 292 906 spatii
323 831 441 902 grase.
467 833 535 900 per
569 810 774 911 burenses,
809 801 959 908 sphoera
985 806 1196 892 mate'rialis,
1209 851 1325 916 grosso.

146 930 165 998 1
190 953 299 1022 gross.
325 954 392 1022 per
415 952 477 997 sex
499 930 727 1020 septimanae,
751 924 967 1031 algorismus
994 936 1016 1005 8
1045 935 1207 1002 Hauon..
1231 930 1306 1049 ἐξ,

149 1071 199 1117 ses
234 1073 301 1142 per
344 1051 367 1124 3
402 1051 654 1142 septimanas,
707 1043 868 1126 theorica
907 1055 1138 1152 planetarum
1175 1059 1326 1203 tmen-t

1225 1167 1271 1210 ses
1293 1167 1307 1203 θ

153 1191 258 1260 groco.
279 1194 347 1264 per
377 1175 400 1244 6
438 1175 673 1265 septimanas,
704 1178 735 1247 6*
758 1170 844 1250 libri
870 1175 1031 1254 Euclidis
1054 1182 1201 1271 8'gros·
1216 1201 1217 1205 ’
1235 1193 1306 1299 quid

154 1317 202 1363 sos
229 1319 294 1387 per
336 1290 486 1368 mediam
520 1317 671 1383 annum,
721 1295 957 1404 alnrogcstum
999 1296 1192 1377 Ptolomaei
1225 1308 1313 1363 debet

1234 1387 1300 1457 legi

162 1417 229 1488 1fl.
251 1441 317 1510 per
345 1422 364 1491 1
390 1417 783 1504 annum,alnmnachum
801 1451 868 1520 per
890 1429 1046 1497 medium
1066 1453 1194 1500 annum
1217 1449 1296 1536 patet

164 1538 205 1607 10
217 1565 336 1634 gross„
355 1543 393 1615 in
407 1548 650 1645 grammatica
672 1547 875 1647 Priscianus
905 1551 1019 1623 ncinor
1042 1555 1198 1647 igross.
1209 1541 1324 1682 pbri?

168 1685 222 1756 per
241 1669 421 1765 imenses,
432 1661 474 1741 de
486 1668 683 1773 graecismo
694 1676 719 1746 6
728 1697 868 1766 grossos
881 1698 948 1770 per
959 1674 1117 1744 medium
1134 1698 1200 1745 an·
1211 1662 1220 1683 “
1233 1643 1297 1754 :ito

173 1805 248 1870 1111111,
274 1791 418 1888 poetria
441 1815 536 1865 novo
555 1799 580 1867 Ξ
601 1819 717 1890 gross,
738 1800 845 1892 perss
869 1821 1017 1884 menses,
1044 1793 1085 1870 de
1106 1787 1204 1896 labp·
1244 1779 1296 1838 4⁰·

169 1901 267 1984 rittio
298 1916 317 1983 1
347 1937 462 2006 gross.
497 1942 564 2011 per
596 1921 619 1989 6
656 1924 891 2015 septimanas,
927 1924 972 1991 de
1001 1914 1121 1998 Boetia
1160 1918 1205 1994 de

177 2025 338 2134 disciplina
359 2029 557 2112 scholarum
570 2039 659 2130 (sic)
674 2042 691 2110 1
713 2067 873 2135 grossum
888 2067 1137 2136 permaneam,
1156 2044 1202 2112 de

178 2155 234 2225 ido
249 2173 354 2255 porte
379 2156 589 2235 doctrinalis
612 2169 637 2235 2
658 2187 772 2254 gross.
825 2164 906 2232 Alii
936 2173 1099 2234 taxentur
1127 2167 1203 2249 jux·

176 2279 208 2341 ta
227 2284 524 2376 comparationem
544 2283 824 2377 praedictorum.
886 2283 1013 2353 Voluit
1032 2298 1126 2374 ergo
1152 2280 1205 2348 sa·

178 2398 278 2486 cultas,
299 2411 338 2472 ut
355 2405 475 2477 nullus
495 2406 712 2502 postulando
742 2415 884 2501 pastum
909 2414 1028 2477 taram
1053 2401 1208 2500 excedat

176 2531 414 2607 praetaxatam.
448 2594 449 2597 ,

251 2645 341 2718 Item
374 2651 469 2740 quod
506 2653 662 2742 quilibet
690 2651 847 2742 aliquem
878 2651 923 2721 de
953 2652 1060 2722 dictis
1098 2650 1204 2720 libris

177 2757 331 2860 incipiens
366 2785 465 2843 certo
498 2777 652 2844 termino
683 2778 877 2844 terminare
908 2777 1061 2856 debeat,
1098 2783 1205 2868 prout

177 2887 253 2962 eirca
282 2899 482 2986 quemlibet
512 2894 646 2970 librum
677 2912 730 2970 est
767 2894 993 2995 eirp'ressum,
1028 2924 1094 2968 nec
1126 2901 1205 2990 ipse
1250 2909 1251 2912 ’

177 3027 244 3104 post
259 3026 502 3116 receptionem
525 3037 649 3119 pastus
668 3035 885 3120 postponere
907 3033 1138 3120 praesumat3
1171 3022 1205 3094 85

176 3139 203 3204 ti
217 3158 358 3238 propter
378 3151 599 3239 paucitatem
621 3152 841 3221 audientium
866 3174 936 3220 non
970 3158 1092 3242 posset
1121 3173 1203 3218 con·
1301 3190 1304 3201 ι

177 3263 309 3359 tiuuare,
346 3286 488 3366 pastum
524 3279 689 3349 restituat
718 3278 906 3350 secuudum
938 3289 1058 3346 toxam
1091 3276 1205 3369 partis

178 3392 273 3468 lectae
302 3401 380 3484 his,
412 3404 577 3492 aquibus
608 3406 772 3496 recepit3
810 3405 874 3473 sed
902 3404 932 3471 si
963 3424 1007 3470 ex
1039 3404 1205 3495 legitima

179 3544 262 3596 causa
282 3531 398 3625 ipsum
422 3530 667 3600 electionibus
690 3529 861 3599 desistore
881 3530 1076 3621 oportebit,
1095 3527 1206 3599 alium

178 3650 367 3745 subrogabit
397 3655 444 3724 ad
468 3659 616 3730 eundem
654 3658 786 3727 librum
815 3651 1032 3759 fideliter&
1064 3651 1206 3722 utiliter

179 3780 399 3851 terminando.
451 3781 546 3851 Item
565 3783 658 3872 quod
683 3783 838 3868 quilibet
860 3779 1048 3863 scholaris,
1076 3781 1106 3850 si
1124 3787 1207 3871 post

178 3906 308 3975 tertiam
326 3908 522 3979 lectionem
542 3909 791 4000 permanserit,
811 3908 858 3975 ad
876 3917 1020 3999 pastum
1048 3907 1206 3996 ejusdem

181 4015 253 4091 libri
285 4029 352 4097 erit
379 4030 580 4124 obligatus,
606 4031 674 4101 nisi
707 4029 819 4123 ipsius
847 4028 1067 4099 auditionem
1096 4053 1205 4125 prop·

181 4146 226 4213 ter
248 4170 415 4224 recessum
440 4175 463 4225 a
492 4153 630 4238 studio,
671 4153 731 4226 vel
761 4160 913 4259 propter
942 4149 1206 4248 aegritudinem
1243 4230 1246 4235 .
