<?xml version="1.0" encoding="UTF-8"?>
<!DOCTYPE html PUBLIC "-//W3C//DTD XHTML 1.0 Transitional//EN"
    "http://www.w3.org/TR/xhtml1/DTD/xhtml1-transitional.dtd">
<html xmlns="http://www.w3.org/1999/xhtml" xml:lang="en" lang="en">
 <head>
  <title>
</title>
<meta http-equiv="Content-Type" content="text/html;charset=utf-8" />
  <meta name='ocr-system' content='tesseract 3.04.00' />
  <meta name='ocr-capabilities' content='ocr_page ocr_carea ocr_par ocr_line ocrx_word'/>
</head>
<body>
  <div class='ocr_page' id='page_1' title='image "./liberdecanorumf00unkngoog/liberdecanorumf00unkngoog_0179.png"; bbox 0 0 2714 4740; ppageno 0'>
   <div class='ocr_carea' id='block_1_1' title="bbox 149 237 1183 1770">
    <p class='ocr_par' dir='ltr' id='par_1_1' title="bbox 149 237 1183 1770">
     <span class='ocr_line' id='line_1_1' title="bbox 150 237 1169 345; baseline 0.017 -18"><span class='ocrx_word' id='word_1_1' title='bbox 150 242 212 312; x_wconf 69' lang='lat'><strong>1¹5</strong></span> <span class='ocrx_word' id='word_1_2' title='bbox 980 237 1088 343; x_wconf 69' lang='lat' dir='ltr'><strong>liuba.</strong></span> <span class='ocrx_word' id='word_1_3' title='bbox 1106 247 1169 345; x_wconf 83' lang='grc' dir='ltr'><strong>Χ.</strong></span> 
     </span>
     <span class='ocr_line' id='line_1_2' title="bbox 149 429 1182 577; baseline 0.001 -44"><span class='ocrx_word' id='word_1_4' title='bbox 149 473 287 560; x_wconf 83' lang='lat' dir='ltr'><strong>pastum</strong></span> <span class='ocrx_word' id='word_1_5' title='bbox 307 429 422 531; x_wconf 83' lang='lat' dir='ltr'><strong>solvat</strong></span> <span class='ocrx_word' id='word_1_6' title='bbox 442 444 521 526; x_wconf 87' lang='lat' dir='ltr'><strong>cuni</strong></span> <span class='ocrx_word' id='word_1_7' title='bbox 549 451 679 525; x_wconf 74' lang='lat' dir='ltr'><strong>ellectu</strong></span> <span class='ocrx_word' id='word_1_8' title='bbox 696 429 791 526; x_wconf 77' lang='lat' dir='ltr'><strong>infra</strong></span> <span class='ocrx_word' id='word_1_9' title='bbox 810 455 990 577; x_wconf 70' lang='lat' dir='ltr'><strong>lectiones</strong></span> <span class='ocrx_word' id='word_1_10' title='bbox 1007 439 1075 531; x_wconf 79' lang='lat' dir='ltr'><strong>rel·</strong></span> <span class='ocrx_word' id='word_1_11' title='bbox 1100 482 1182 536; x_wconf 83' lang='lat' dir='ltr'><strong>exer</strong></span> 
     </span>
     <span class='ocr_line' id='line_1_3' title="bbox 150 578 1181 667; baseline 0 -11"><span class='ocrx_word' id='word_1_12' title='bbox 150 588 247 667; x_wconf 79' lang='lat' dir='ltr'><strong>citio,</strong></span> <span class='ocrx_word' id='word_1_13' title='bbox 266 589 324 652; x_wconf 88' lang='lat' dir='ltr'><strong>aut</strong></span> <span class='ocrx_word' id='word_1_14' title='bbox 349 581 570 649; x_wconf 85' lang='lat' dir='ltr'><strong>voluntatem</strong></span> <span class='ocrx_word' id='word_1_15' title='bbox 594 578 669 665; x_wconf 84' lang='lat' dir='ltr'><strong>ejus</strong></span> <span class='ocrx_word' id='word_1_16' title='bbox 699 578 770 647; x_wconf 62' lang='lat' dir='ltr'><strong>vel*</strong></span> <span class='ocrx_word' id='word_1_17' title='bbox 787 580 1094 653; x_wconf 86' lang='lat' dir='ltr'><strong>eorum&#39;obtineat</strong></span> <span class='ocrx_word' id='word_1_18' title='bbox 1124 588 1181 658; x_wconf 86' lang='lat' dir='ltr'><strong>sin</strong></span> 
     </span>
     <span class='ocr_line' id='line_1_4' title="bbox 154 678 1182 795; baseline 0.004 -22"><span class='ocrx_word' id='word_1_19' title='bbox 154 708 279 777; x_wconf 77' lang='lat' dir='ltr'><strong>lraurle</strong></span> <span class='ocrx_word' id='word_1_20' title='bbox 305 704 367 772; x_wconf 92' lang='lat' dir='ltr'><strong>sub</strong></span> <span class='ocrx_word' id='word_1_21' title='bbox 386 723 503 795; x_wconf 88' lang='lat' dir='ltr'><strong>poena</strong></span> <span class='ocrx_word' id='word_1_22' title='bbox 531 678 916 787; x_wconf 74' lang='lat' dir='ltr'><strong>excommunicationis,</strong></span> <span class='ocrx_word' id='word_1_23' title='bbox 950 712 987 773; x_wconf 92' lang='lat' dir='ltr'><strong>et</strong></span> <span class='ocrx_word' id='word_1_24' title='bbox 1021 708 1119 795; x_wconf 80' lang='lat' dir='ltr'><strong>quoii</strong></span> <span class='ocrx_word' id='word_1_25' title='bbox 1143 733 1182 781; x_wconf 93' lang='lat' dir='ltr'><strong>eo</strong></span> 
     </span>
     <span class='ocr_line' id='line_1_5' title="bbox 151 816 1182 898; baseline 0.001 -2"><span class='ocrx_word' id='word_1_26' title='bbox 151 829 235 897; x_wconf 84' lang='lat' dir='ltr'><strong>dem</strong></span> <span class='ocrx_word' id='word_1_27' title='bbox 263 825 383 893; x_wconf 87' lang='lat' dir='ltr'><strong>medio</strong></span> <span class='ocrx_word' id='word_1_28' title='bbox 406 844 498 888; x_wconf 87' lang='lat' dir='ltr'><strong>anno</strong></span> <span class='ocrx_word' id='word_1_29' title='bbox 521 819 558 886; x_wconf 92' lang='lat' dir='ltr'><strong>in</strong></span> <span class='ocrx_word' id='word_1_30' title='bbox 575 828 711 893; x_wconf 78' lang='lat' dir='ltr'><strong>aestate</strong></span> <span class='ocrx_word' id='word_1_31' title='bbox 735 823 831 891; x_wconf 85' lang='lat' dir='ltr'><strong>circa</strong></span> <span class='ocrx_word' id='word_1_32' title='bbox 854 823 981 893; x_wconf 76' lang='lat' dir='ltr'><strong>festum</strong></span> <span class='ocrx_word' id='word_1_33' title='bbox 1000 816 1182 898; x_wconf 75' lang='lat' dir='ltr'><strong>natiiritati</strong></span> 
     </span>
     <span class='ocr_line' id='line_1_6' title="bbox 150 940 1183 1042; baseline 0.003 -24"><span class='ocrx_word' id='word_1_34' title='bbox 150 951 276 1018; x_wconf 86' lang='lat' dir='ltr'><strong>beatae</strong></span> <span class='ocrx_word' id='word_1_35' title='bbox 301 946 443 1015; x_wconf 87' lang='lat' dir='ltr'><strong>Mariae</strong></span> <span class='ocrx_word' id='word_1_36' title='bbox 464 943 638 1034; x_wconf 80' lang='lat' dir='ltr'><strong>Virginis,</strong></span> <span class='ocrx_word' id='word_1_37' title='bbox 662 940 699 1010; x_wconf 91' lang='lat' dir='ltr'><strong>in</strong></span> <span class='ocrx_word' id='word_1_38' title='bbox 727 943 860 1034; x_wconf 75' lang='lat' dir='ltr'><strong>hyeme</strong></span> <span class='ocrx_word' id='word_1_39' title='bbox 882 967 968 1015; x_wconf 82' lang='lat' dir='ltr'><strong>vero</strong></span> <span class='ocrx_word' id='word_1_40' title='bbox 994 948 1031 1025; x_wconf 86' lang='lat' dir='ltr'><strong>in</strong></span> <span class='ocrx_word' id='word_1_41' title='bbox 1063 951 1183 1042; x_wconf 84' lang='lat' dir='ltr'><strong>princi</strong></span> 
     </span>
     <span class='ocr_line' id='line_1_7' title="bbox 150 1060 1182 1162; baseline 0.001 -28"><span class='ocrx_word' id='word_1_42' title='bbox 150 1069 212 1162; x_wconf 90' lang='lat' dir='ltr'><strong>pio</strong></span> <span class='ocrx_word' id='word_1_43' title='bbox 226 1069 252 1137; x_wconf 87' lang='lat' dir='ltr'>J</span> <span class='ocrx_word' id='word_1_44' title='bbox 254 1060 363 1153; x_wconf 85' lang='lat' dir='ltr'><strong>ejunii</strong></span> <span class='ocrx_word' id='word_1_45' title='bbox 384 1066 535 1135; x_wconf 81' lang='lat' dir='ltr'><strong>decanus</strong></span> <span class='ocrx_word' id='word_1_46' title='bbox 551 1071 714 1136; x_wconf 88' lang='lat' dir='ltr'><strong>teneatur</strong></span> <span class='ocrx_word' id='word_1_47' title='bbox 729 1065 910 1135; x_wconf 83' lang='lat' dir='ltr'><strong>dominum</strong></span> <span class='ocrx_word' id='word_1_48' title='bbox 924 1076 1104 1140; x_wconf 84' lang='lat' dir='ltr'><strong>rectorem</strong></span> <span class='ocrx_word' id='word_1_49' title='bbox 1117 1082 1182 1143; x_wconf 82' lang='lat' dir='ltr'><strong>tun</strong></span> 
     </span>
     <span class='ocr_line' id='line_1_8' title="bbox 149 1186 1182 1284; baseline 0.002 -25"><span class='ocrx_word' id='word_1_50' title='bbox 149 1198 377 1282; x_wconf 78' lang='lat' dir='ltr'><strong>praesentem</strong></span> <span class='ocrx_word' id='word_1_51' title='bbox 407 1186 536 1254; x_wconf 90' lang='lat' dir='ltr'><strong>iterum</strong></span> <span class='ocrx_word' id='word_1_52' title='bbox 560 1194 685 1277; x_wconf 89' lang='lat' dir='ltr'><strong>petere</strong></span> <span class='ocrx_word' id='word_1_53' title='bbox 716 1186 807 1266; x_wconf 77' lang='lat' dir='ltr'><strong>sicut</strong></span> <span class='ocrx_word' id='word_1_54' title='bbox 831 1190 941 1278; x_wconf 87' lang='lat' dir='ltr'><strong>prius,</strong></span> <span class='ocrx_word' id='word_1_55' title='bbox 964 1199 1000 1259; x_wconf 87' lang='lat' dir='ltr'><strong>nt</strong></span> <span class='ocrx_word' id='word_1_56' title='bbox 1027 1191 1066 1258; x_wconf 91' lang='lat' dir='ltr'><strong>in</strong></span> <span class='ocrx_word' id='word_1_57' title='bbox 1091 1214 1182 1284; x_wconf 75' lang='lat' dir='ltr'><strong>gene</strong></span> 
     </span>
     <span class='ocr_line' id='line_1_9' title="bbox 149 1284 1180 1399; baseline 0.002 -19"><span class='ocrx_word' id='word_1_58' title='bbox 149 1310 218 1380; x_wconf 79' lang='lat' dir='ltr'><strong>reli</strong></span> <span class='ocrx_word' id='word_1_59' title='bbox 237 1284 526 1387; x_wconf 68' lang='lat' dir='ltr'><strong>moneatomnes²</strong></span> <span class='ocrx_word' id='word_1_60' title='bbox 547 1306 605 1395; x_wconf 90' lang='lat' dir='ltr'><strong>qui</strong></span> <span class='ocrx_word' id='word_1_61' title='bbox 628 1307 782 1389; x_wconf 85' lang='lat' dir='ltr'><strong>audiunt,</strong></span> <span class='ocrx_word' id='word_1_62' title='bbox 806 1309 866 1375; x_wconf 79' lang='lat' dir='ltr'><strong>vel</strong></span> <span class='ocrx_word' id='word_1_63' title='bbox 898 1311 959 1399; x_wconf 90' lang='lat' dir='ltr'><strong>qni</strong></span> <span class='ocrx_word' id='word_1_64' title='bbox 988 1311 1180 1382; x_wconf 80' lang='lat' dir='ltr'><strong>audiverun</strong></span> 
     </span>
     <span class='ocr_line' id='line_1_10' title="bbox 150 1406 1182 1524; baseline 0 -24"><span class='ocrx_word' id='word_1_65' title='bbox 150 1431 323 1500; x_wconf 86' lang='lat' dir='ltr'><strong>lectiones</strong></span> <span class='ocrx_word' id='word_1_66' title='bbox 344 1428 535 1497; x_wconf 81' lang='lat' dir='ltr'><strong>inertibus</strong></span> <span class='ocrx_word' id='word_1_67' title='bbox 557 1430 625 1496; x_wconf 88' lang='lat' dir='ltr'><strong>isto</strong></span> <span class='ocrx_word' id='word_1_68' title='bbox 647 1406 773 1497; x_wconf 90' lang='lat' dir='ltr'><strong>medio</strong></span> <span class='ocrx_word' id='word_1_69' title='bbox 793 1434 895 1513; x_wconf 85' lang='lat' dir='ltr'><strong>anno,</strong></span> <span class='ocrx_word' id='word_1_70' title='bbox 919 1441 980 1500; x_wconf 89' lang='lat' dir='ltr'><strong>aut</strong></span> <span class='ocrx_word' id='word_1_71' title='bbox 1001 1433 1064 1524; x_wconf 63' lang='lat' dir='ltr'><strong>‘qui</strong></span> <span class='ocrx_word' id='word_1_72' title='bbox 1093 1443 1182 1502; x_wconf 86' lang='lat' dir='ltr'><strong>stant</strong></span> 
     </span>
     <span class='ocr_line' id='line_1_11' title="bbox 152 1534 1182 1639; baseline 0.004 -19"><span class='ocrx_word' id='word_1_73' title='bbox 152 1554 210 1620; x_wconf 72' lang='lat' dir='ltr'><strong>sel</strong></span> <span class='ocrx_word' id='word_1_74' title='bbox 240 1534 413 1620; x_wconf 85' lang='lat' dir='ltr'><strong>steterunt</strong></span> <span class='ocrx_word' id='word_1_75' title='bbox 435 1553 504 1618; x_wconf 89' lang='lat' dir='ltr'><strong>isto</strong></span> <span class='ocrx_word' id='word_1_76' title='bbox 528 1551 762 1627; x_wconf 80' lang='lat' dir='ltr'><strong>mediconno</strong></span> <span class='ocrx_word' id='word_1_77' title='bbox 788 1552 826 1620; x_wconf 94' lang='lat' dir='ltr'><strong>in</strong></span> <span class='ocrx_word' id='word_1_78' title='bbox 855 1556 1048 1639; x_wconf 63' lang='lat' dir='ltr'><strong>exemistis,</strong></span> <span class='ocrx_word' id='word_1_79' title='bbox 1070 1553 1102 1626; x_wconf 63' lang='lat' dir='ltr'><strong>b</strong></span> <span class='ocrx_word' id='word_1_80' title='bbox 1124 1580 1182 1625; x_wconf 89' lang='lat' dir='ltr'><strong>non</strong></span> 
     </span>
     <span class='ocr_line' id='line_1_12' title="bbox 151 1673 1182 1770; baseline 0.007 -29"><span class='ocrx_word' id='word_1_81' title='bbox 151 1674 410 1766; x_wconf 76' lang='lat' dir='ltr'><strong>experliverunt</strong></span> <span class='ocrx_word' id='word_1_82' title='bbox 426 1675 635 1763; x_wconf 85' lang='lat' dir='ltr'><strong>magistrum</strong></span> <span class='ocrx_word' id='word_1_83' title='bbox 658 1673 716 1741; x_wconf 84' lang='lat' dir='ltr'><strong>vel</strong></span> <span class='ocrx_word' id='word_1_84' title='bbox 737 1675 925 1766; x_wconf 82' lang='lat' dir='ltr'><strong>magistros</strong></span> <span class='ocrx_word' id='word_1_85' title='bbox 938 1700 1016 1745; x_wconf 87' lang='lat' dir='ltr'><strong>suos</strong></span> <span class='ocrx_word' id='word_1_86' title='bbox 1032 1678 1070 1745; x_wconf 93' lang='lat' dir='ltr'><strong>in</strong></span> <span class='ocrx_word' id='word_1_87' title='bbox 1083 1691 1182 1770; x_wconf 87' lang='lat' dir='ltr'><strong>pastu</strong></span> 
     </span>
    </p>
   </div>
   <div class='ocr_carea' id='block_1_2' title="bbox 143 1796 1182 2013">
    <p class='ocr_par' dir='ltr' id='par_1_2' title="bbox 143 1796 1182 2013">
     <span class='ocr_line' id='line_1_13' title="bbox 143 1796 1182 1891; baseline 0.004 -27"><span class='ocrx_word' id='word_1_88' title='bbox 143 1820 216 1891; x_wconf 55' lang='lat' dir='ltr'><strong>¹nec</strong></span> <span class='ocrx_word' id='word_1_89' title='bbox 237 1798 456 1866; x_wconf 87' lang='lat' dir='ltr'><strong>voluntatem</strong></span> <span class='ocrx_word' id='word_1_90' title='bbox 485 1797 557 1880; x_wconf 87' lang='lat' dir='ltr'><strong>ejus</strong></span> <span class='ocrx_word' id='word_1_91' title='bbox 586 1796 644 1863; x_wconf 84' lang='lat' dir='ltr'><strong>vel</strong></span> <span class='ocrx_word' id='word_1_92' title='bbox 659 1819 789 1865; x_wconf 86' lang='lat' dir='ltr'><strong>eorum</strong></span> <span class='ocrx_word' id='word_1_93' title='bbox 803 1798 1050 1881; x_wconf 89' lang='lat' dir='ltr'><strong>obtinuerunt,</strong></span> <span class='ocrx_word' id='word_1_94' title='bbox 1076 1810 1182 1891; x_wconf 80' lang='lat' dir='ltr'><strong>quate</strong></span> 
     </span>
     <span class='ocr_line' id='line_1_14' title="bbox 153 1916 1182 2013; baseline 0.004 -26"><span class='ocrx_word' id='word_1_95' title='bbox 153 1942 215 1987; x_wconf 90' lang='lat' dir='ltr'><strong>nus</strong></span> <span class='ocrx_word' id='word_1_96' title='bbox 241 1918 354 1985; x_wconf 88' lang='lat' dir='ltr'><strong>adhuc</strong></span> <span class='ocrx_word' id='word_1_97' title='bbox 384 1916 476 1984; x_wconf 86' lang='lat' dir='ltr'><strong>infra</strong></span> <span class='ocrx_word' id='word_1_98' title='bbox 498 1940 658 1985; x_wconf 85' lang='lat' dir='ltr'><strong>mensem</strong></span> <span class='ocrx_word' id='word_1_99' title='bbox 682 1919 883 2009; x_wconf 88' lang='lat' dir='ltr'><strong>proximum</strong></span> <span class='ocrx_word' id='word_1_100' title='bbox 902 1922 1108 2013; x_wconf 82' lang='lat' dir='ltr'><strong>magistrum</strong></span> <span class='ocrx_word' id='word_1_101' title='bbox 1137 1924 1182 1992; x_wconf 82' lang='lat' dir='ltr'><strong>vel</strong></span> 
     </span>
    </p>
   </div>
   <div class='ocr_carea' id='block_1_3' title="bbox 49 2039 1182 2134">
    <p class='ocr_par' dir='ltr' id='par_1_3' title="bbox 49 2039 1182 2134">
     <span class='ocr_line' id='line_1_15' title="bbox 49 2039 1182 2134; baseline 0.002 -22"><span class='ocrx_word' id='word_1_102' title='bbox 49 2077 51 2084; x_wconf 95' lang='lat'>·</span> <span class='ocrx_word' id='word_1_103' title='bbox 150 2043 349 2134; x_wconf 81' lang='lat' dir='ltr'><strong>magistros,</strong></span> <span class='ocrx_word' id='word_1_104' title='bbox 369 2039 423 2109; x_wconf 92' lang='lat' dir='ltr'><strong>cui</strong></span> <span class='ocrx_word' id='word_1_105' title='bbox 454 2040 513 2107; x_wconf 85' lang='lat' dir='ltr'><strong>vel</strong></span> <span class='ocrx_word' id='word_1_106' title='bbox 540 2041 665 2129; x_wconf 87' lang='lat' dir='ltr'><strong>quibus</strong></span> <span class='ocrx_word' id='word_1_107' title='bbox 695 2048 859 2110; x_wconf 88' lang='lat' dir='ltr'><strong>tenentur</strong></span> <span class='ocrx_word' id='word_1_108' title='bbox 885 2042 923 2109; x_wconf 91' lang='lat' dir='ltr'><strong>in</strong></span> <span class='ocrx_word' id='word_1_109' title='bbox 944 2053 1049 2134; x_wconf 76' lang='lat' dir='ltr'><strong>pastu</strong></span> <span class='ocrx_word' id='word_1_110' title='bbox 1070 2045 1182 2114; x_wconf 88' lang='lat' dir='ltr'><strong>lectio·</strong></span> 
     </span>
    </p>
   </div>
   <div class='ocr_carea' id='block_1_4' title="bbox 149 2160 1182 4078">
    <p class='ocr_par' dir='ltr' id='par_1_4' title="bbox 149 2160 1182 4078">
     <span class='ocr_line' id='line_1_16' title="bbox 149 2160 1182 2253; baseline 0.006 -22"><span class='ocrx_word' id='word_1_111' title='bbox 149 2186 230 2231; x_wconf 92' lang='lat' dir='ltr'><strong>num</strong></span> <span class='ocrx_word' id='word_1_112' title='bbox 263 2161 321 2230; x_wconf 78' lang='lat' dir='ltr'><strong>uel</strong></span> <span class='ocrx_word' id='word_1_113' title='bbox 359 2160 627 2243; x_wconf 83' lang='lat' dir='ltr'><strong>exercitiorum,</strong></span> <span class='ocrx_word' id='word_1_114' title='bbox 667 2161 861 2253; x_wconf 86' lang='lat' dir='ltr'><strong>expediant</strong></span> <span class='ocrx_word' id='word_1_115' title='bbox 886 2172 946 2234; x_wconf 81' lang='lat' dir='ltr'><strong>aut</strong></span> <span class='ocrx_word' id='word_1_116' title='bbox 978 2164 1182 2237; x_wconf 76' lang='lat' dir='ltr'><strong>volumtatem</strong></span> 
     </span>
     <span class='ocr_line' id='line_1_17' title="bbox 149 2282 1182 2373; baseline 0 -20"><span class='ocrx_word' id='word_1_117' title='bbox 149 2288 225 2373; x_wconf 85' lang='lat' dir='ltr'><strong>ejus</strong></span> <span class='ocrx_word' id='word_1_118' title='bbox 256 2282 316 2352; x_wconf 84' lang='lat' dir='ltr'><strong>vel</strong></span> <span class='ocrx_word' id='word_1_119' title='bbox 351 2305 471 2352; x_wconf 90' lang='lat' dir='ltr'><strong>eorum</strong></span> <span class='ocrx_word' id='word_1_120' title='bbox 502 2283 688 2352; x_wconf 83' lang='lat' dir='ltr'><strong>obtineant</strong></span> <span class='ocrx_word' id='word_1_121' title='bbox 723 2285 785 2350; x_wconf 89' lang='lat' dir='ltr'><strong>sub</strong></span> <span class='ocrx_word' id='word_1_122' title='bbox 823 2286 1182 2355; x_wconf 78' lang='lat' dir='ltr'><strong>excommunicationi</strong></span> 
     </span>
     <span class='ocr_line' id='line_1_18' title="bbox 151 2403 1182 2499; baseline 0 -25"><span class='ocrx_word' id='word_1_123' title='bbox 151 2404 326 2474; x_wconf 88' lang='lat' dir='ltr'><strong>sententia</strong></span> <span class='ocrx_word' id='word_1_124' title='bbox 349 2413 475 2475; x_wconf 86' lang='lat' dir='ltr'><strong>contra</strong></span> <span class='ocrx_word' id='word_1_125' title='bbox 504 2405 595 2471; x_wconf 83' lang='lat' dir='ltr'><strong>tales</strong></span> <span class='ocrx_word' id='word_1_126' title='bbox 619 2403 859 2496; x_wconf 78' lang='lat' dir='ltr'><strong>proferende3</strong></span> <span class='ocrx_word' id='word_1_127' title='bbox 886 2403 918 2474; x_wconf 74' lang='lat' dir='ltr'><strong>lu</strong></span> <span class='ocrx_word' id='word_1_128' title='bbox 943 2414 1025 2499; x_wconf 84' lang='lat' dir='ltr'><strong>post</strong></span> <span class='ocrx_word' id='word_1_129' title='bbox 1059 2405 1182 2497; x_wconf 84' lang='lat' dir='ltr'><strong>lapsuu</strong></span> 
     </span>
     <span class='ocr_line' id='line_1_19' title="bbox 151 2526 1182 2618; baseline 0 -23"><span class='ocrx_word' id='word_1_130' title='bbox 151 2527 246 2595; x_wconf 83' lang='lat' dir='ltr'><strong>illius</strong></span> <span class='ocrx_word' id='word_1_131' title='bbox 273 2529 402 2594; x_wconf 84' lang='lat' dir='ltr'><strong>mensis</strong></span> <span class='ocrx_word' id='word_1_132' title='bbox 424 2527 576 2596; x_wconf 83' lang='lat' dir='ltr'><strong>‹loca-nus</strong></span> <span class='ocrx_word' id='word_1_133' title='bbox 602 2535 764 2595; x_wconf 87' lang='lat' dir='ltr'><strong>teneatur</strong></span> <span class='ocrx_word' id='word_1_134' title='bbox 785 2527 906 2594; x_wconf 88' lang='lat' dir='ltr'><strong>statim</strong></span> <span class='ocrx_word' id='word_1_135' title='bbox 935 2526 1052 2596; x_wconf 89' lang='lat' dir='ltr'><strong>denuo</strong></span> <span class='ocrx_word' id='word_1_136' title='bbox 1072 2539 1182 2618; x_wconf 76' lang='lat' dir='ltr'><strong>peter&lt;</strong></span> 
     </span>
     <span class='ocr_line' id='line_1_20' title="bbox 151 2646 1182 2738; baseline 0.005 -24"><span class='ocrx_word' id='word_1_137' title='bbox 151 2646 332 2714; x_wconf 89' lang='lat' dir='ltr'><strong>dominum</strong></span> <span class='ocrx_word' id='word_1_138' title='bbox 355 2656 541 2728; x_wconf 89' lang='lat' dir='ltr'><strong>rectorem,</strong></span> <span class='ocrx_word' id='word_1_139' title='bbox 565 2656 603 2715; x_wconf 88' lang='lat' dir='ltr'><strong>ut</strong></span> <span class='ocrx_word' id='word_1_140' title='bbox 624 2647 660 2714; x_wconf 95' lang='lat' dir='ltr'><strong>in</strong></span> <span class='ocrx_word' id='word_1_141' title='bbox 679 2647 843 2738; x_wconf 82' lang='lat' dir='ltr'><strong>generali</strong></span> <span class='ocrx_word' id='word_1_142' title='bbox 871 2657 995 2716; x_wconf 88' lang='lat' dir='ltr'><strong>contra</strong></span> <span class='ocrx_word' id='word_1_143' title='bbox 1018 2671 1140 2717; x_wconf 87' lang='lat' dir='ltr'><strong>omnes</strong></span> <span class='ocrx_word' id='word_1_144' title='bbox 1162 2647 1182 2719; x_wconf 72' lang='lat'><strong>81</strong></span> 
     </span>
     <span class='ocr_line' id='line_1_21' title="bbox 151 2769 1182 2861; baseline 0.002 -24"><span class='ocrx_word' id='word_1_145' title='bbox 151 2769 322 2858; x_wconf 82' lang='lat' dir='ltr'><strong>singulos,</strong></span> <span class='ocrx_word' id='word_1_146' title='bbox 338 2770 399 2858; x_wconf 91' lang='lat' dir='ltr'><strong>qui</strong></span> <span class='ocrx_word' id='word_1_147' title='bbox 419 2770 457 2837; x_wconf 94' lang='lat' dir='ltr'><strong>in</strong></span> <span class='ocrx_word' id='word_1_148' title='bbox 477 2779 579 2861; x_wconf 84' lang='lat' dir='ltr'><strong>pastu</strong></span> <span class='ocrx_word' id='word_1_149' title='bbox 599 2769 791 2837; x_wconf 88' lang='lat' dir='ltr'><strong>lectionum</strong></span> <span class='ocrx_word' id='word_1_150' title='bbox 814 2771 851 2836; x_wconf 92' lang='lat' dir='ltr'><strong>in</strong></span> <span class='ocrx_word' id='word_1_151' title='bbox 869 2770 1003 2839; x_wconf 88' lang='lat' dir='ltr'><strong>artibus</strong></span> <span class='ocrx_word' id='word_1_152' title='bbox 1025 2770 1084 2839; x_wconf 87' lang='lat' dir='ltr'><strong>vel</strong></span> <span class='ocrx_word' id='word_1_153' title='bbox 1100 2792 1182 2839; x_wconf 80' lang='lat' dir='ltr'><strong>exer·</strong></span> 
     </span>
     <span class='ocr_line' id='line_1_22' title="bbox 150 2889 1182 2983; baseline 0.002 -26"><span class='ocrx_word' id='word_1_154' title='bbox 150 2889 315 2958; x_wconf 86' lang='lat' dir='ltr'><strong>citiorum</strong></span> <span class='ocrx_word' id='word_1_155' title='bbox 338 2890 436 2960; x_wconf 85' lang='lat' dir='ltr'><strong>istius</strong></span> <span class='ocrx_word' id='word_1_156' title='bbox 466 2892 578 2959; x_wconf 87' lang='lat' dir='ltr'><strong>medii</strong></span> <span class='ocrx_word' id='word_1_157' title='bbox 611 2891 695 2959; x_wconf 87' lang='lat' dir='ltr'><strong>anni</strong></span> <span class='ocrx_word' id='word_1_158' title='bbox 717 2893 888 2983; x_wconf 84' lang='lat' dir='ltr'><strong>magistro</strong></span> <span class='ocrx_word' id='word_1_159' title='bbox 920 2900 980 2959; x_wconf 82' lang='lat' dir='ltr'><strong>aut</strong></span> <span class='ocrx_word' id='word_1_160' title='bbox 1014 2891 1182 2983; x_wconf 81' lang='lat' dir='ltr'><strong>magistri</strong></span> 
     </span>
     <span class='ocr_line' id='line_1_23' title="bbox 151 3011 1182 3103; baseline 0.001 -22"><span class='ocrx_word' id='word_1_161' title='bbox 151 3011 269 3081; x_wconf 84' lang='lat' dir='ltr'><strong>dictae</strong></span> <span class='ocrx_word' id='word_1_162' title='bbox 302 3011 483 3081; x_wconf 85' lang='lat' dir='ltr'><strong>facultatis</strong></span> <span class='ocrx_word' id='word_1_163' title='bbox 514 3011 628 3082; x_wconf 86' lang='lat' dir='ltr'><strong>adhuc</strong></span> <span class='ocrx_word' id='word_1_164' title='bbox 651 3036 688 3080; x_wconf 89' lang='lat' dir='ltr'><strong>se</strong></span> <span class='ocrx_word' id='word_1_165' title='bbox 713 3014 826 3081; x_wconf 83' lang='lat' dir='ltr'><strong>sciunt</strong></span> <span class='ocrx_word' id='word_1_166' title='bbox 848 3013 1030 3103; x_wconf 84' lang='lat' dir='ltr'><strong>obligari,</strong></span> <span class='ocrx_word' id='word_1_167' title='bbox 1065 3013 1097 3083; x_wconf 77' lang='grc' dir='ltr'><strong>8ι</strong></span> <span class='ocrx_word' id='word_1_168' title='bbox 1128 3032 1182 3082; x_wconf 75' lang='grc' dir='ltr'><strong>ποι</strong></span> 
     </span>
     <span class='ocr_line' id='line_1_24' title="bbox 149 3135 1182 3231; baseline 0 -30"><span class='ocrx_word' id='word_1_169' title='bbox 149 3135 378 3204; x_wconf 88' lang='lat' dir='ltr'><strong>obtinuerunt</strong></span> <span class='ocrx_word' id='word_1_170' title='bbox 407 3136 628 3204; x_wconf 87' lang='lat' dir='ltr'><strong>volontatem</strong></span> <span class='ocrx_word' id='word_1_171' title='bbox 658 3135 766 3231; x_wconf 85' lang='lat' dir='ltr'><strong>ipsius</strong></span> <span class='ocrx_word' id='word_1_172' title='bbox 789 3135 848 3202; x_wconf 90' lang='lat' dir='ltr'><strong>vel</strong></span> <span class='ocrx_word' id='word_1_173' title='bbox 868 3135 1038 3225; x_wconf 89' lang='lat' dir='ltr'><strong>ipsorum,</strong></span> <span class='ocrx_word' id='word_1_174' title='bbox 1058 3142 1182 3203; x_wconf 82' lang='lat' dir='ltr'><strong>senten</strong></span> 
     </span>
     <span class='ocr_line' id='line_1_25' title="bbox 152 3253 1182 3346; baseline -0.004 -23"><span class='ocrx_word' id='word_1_175' title='bbox 152 3255 240 3323; x_wconf 84' lang='lat' dir='ltr'><strong>tiam</strong></span> <span class='ocrx_word' id='word_1_176' title='bbox 258 3255 630 3324; x_wconf 87' lang='lat' dir='ltr'><strong>excommunicationis</strong></span> <span class='ocrx_word' id='word_1_177' title='bbox 649 3254 822 3346; x_wconf 82' lang='lat' dir='ltr'><strong>proferat,</strong></span> <span class='ocrx_word' id='word_1_178' title='bbox 837 3279 878 3323; x_wconf 89' lang='lat' dir='ltr'><strong>ac</strong></span> <span class='ocrx_word' id='word_1_179' title='bbox 898 3253 1044 3322; x_wconf 85' lang='lat' dir='ltr'><strong>eosdem</strong></span> <span class='ocrx_word' id='word_1_180' title='bbox 1058 3274 1182 3325; x_wconf 82' lang='lat' dir='ltr'><strong>excom</strong></span> 
     </span>
     <span class='ocr_line' id='line_1_26' title="bbox 152 3375 1182 3469; baseline 0.001 -25"><span class='ocrx_word' id='word_1_181' title='bbox 152 3375 345 3445; x_wconf 85' lang='lat' dir='ltr'><strong>municatos</strong></span> <span class='ocrx_word' id='word_1_182' title='bbox 371 3378 516 3468; x_wconf 91' lang='lat' dir='ltr'><strong>publice</strong></span> <span class='ocrx_word' id='word_1_183' title='bbox 542 3387 625 3446; x_wconf 85' lang='lat' dir='ltr'><strong>ante</strong></span> <span class='ocrx_word' id='word_1_184' title='bbox 649 3376 808 3469; x_wconf 76' lang='lat' dir='ltr'><strong>collegia</strong></span> <span class='ocrx_word' id='word_1_185' title='bbox 831 3376 1017 3444; x_wconf 84' lang='lat' dir='ltr'><strong>denuntiet</strong></span> <span class='ocrx_word' id='word_1_186' title='bbox 1042 3385 1182 3446; x_wconf 71' lang='lat' dir='ltr'><strong>rector!</strong></span> 
     </span>
     <span class='ocr_line' id='line_1_27' title="bbox 151 3492 1182 3590; baseline -0.001 -23"><span class='ocrx_word' id='word_1_187' title='bbox 151 3502 206 3567; x_wconf 77' lang='lat' dir='ltr'><strong>tus</strong></span> <span class='ocrx_word' id='word_1_188' title='bbox 226 3498 287 3563; x_wconf 84' lang='lat' dir='ltr'><strong>sub</strong></span> <span class='ocrx_word' id='word_1_189' title='bbox 303 3496 442 3587; x_wconf 81' lang='lat' dir='ltr'><strong>sigillo.</strong></span> <span class='ocrx_word' id='word_1_190' title='bbox 481 3495 628 3590; x_wconf 88' lang='lat' dir='ltr'><strong>Insuper</strong></span> <span class='ocrx_word' id='word_1_191' title='bbox 658 3500 859 3568; x_wconf 80' lang='lat' dir='ltr'><strong>conclusum</strong></span> <span class='ocrx_word' id='word_1_192' title='bbox 883 3492 997 3567; x_wconf 77' lang='lat' dir='ltr'><strong>fnit&amp;</strong></span> <span class='ocrx_word' id='word_1_193' title='bbox 1016 3504 1182 3565; x_wconf 78' lang='lat' dir='ltr'><strong>statuum</strong></span> 
     </span>
     <span class='ocr_line' id='line_1_28' title="bbox 151 3617 1182 3711; baseline -0.002 -26"><span class='ocrx_word' id='word_1_194' title='bbox 151 3617 252 3706; x_wconf 83' lang='lat' dir='ltr'><strong>quod</strong></span> <span class='ocrx_word' id='word_1_195' title='bbox 269 3617 358 3705; x_wconf 83' lang='lat' dir='ltr'><strong>sicot</strong></span> <span class='ocrx_word' id='word_1_196' title='bbox 390 3639 433 3684; x_wconf 83' lang='lat' dir='ltr'><strong>ex</strong></span> <span class='ocrx_word' id='word_1_197' title='bbox 469 3620 647 3711; x_wconf 83' lang='lat' dir='ltr'><strong>prioribus</strong></span> <span class='ocrx_word' id='word_1_198' title='bbox 676 3619 888 3708; x_wconf 82' lang='lat' dir='ltr'><strong>quibusdum</strong></span> <span class='ocrx_word' id='word_1_199' title='bbox 916 3618 1060 3687; x_wconf 83' lang='lat' dir='ltr'><strong>statutis</strong></span> <span class='ocrx_word' id='word_1_200' title='bbox 1089 3634 1182 3709; x_wconf 76' lang='lat' dir='ltr'><strong>supe</strong></span> 
     </span>
     <span class='ocr_line' id='line_1_29' title="bbox 151 3735 1182 3832; baseline -0.002 -25"><span class='ocrx_word' id='word_1_201' title='bbox 151 3736 223 3808; x_wconf 85' lang='lat' dir='ltr'><strong>lroc</strong></span> <span class='ocrx_word' id='word_1_202' title='bbox 252 3737 463 3832; x_wconf 77' lang='lat' dir='ltr'><strong>specialiter</strong></span> <span class='ocrx_word' id='word_1_203' title='bbox 487 3739 650 3811; x_wconf 76' lang='lat' dir='ltr'><strong>editis&amp;</strong></span> <span class='ocrx_word' id='word_1_204' title='bbox 677 3740 861 3821; x_wconf 83' lang='lat' dir='ltr'><strong>confectis,</strong></span> <span class='ocrx_word' id='word_1_205' title='bbox 886 3738 1044 3828; x_wconf 86' lang='lat' dir='ltr'><strong>quilibet</strong></span> <span class='ocrx_word' id='word_1_206' title='bbox 1069 3735 1182 3807; x_wconf 74' lang='lat' dir='ltr'><strong>admit</strong></span> 
     </span>
     <span class='ocr_line' id='line_1_30' title="bbox 150 3840 1182 3935; baseline -0.008 -2"><span class='ocrx_word' id='word_1_207' title='bbox 150 3857 281 3935; x_wconf 69' lang='lat' dir='ltr'><strong>oudo</strong></span> <span class='ocrx_word' id='word_1_208' title='bbox 297 3859 344 3928; x_wconf 82' lang='lat' dir='ltr'><strong>ad</strong></span> <span class='ocrx_word' id='word_1_209' title='bbox 369 3879 516 3927; x_wconf 85' lang='lat' dir='ltr'><strong>examen</strong></span> <span class='ocrx_word' id='word_1_210' title='bbox 541 3871 684 3935; x_wconf 85' lang='lat' dir='ltr'><strong>tenetur</strong></span> <span class='ocrx_word' id='word_1_211' title='bbox 707 3863 866 3931; x_wconf 85' lang='lat' dir='ltr'><strong>scribere</strong></span> <span class='ocrx_word' id='word_1_212' title='bbox 885 3840 924 3930; x_wconf 67' lang='lat'><strong>85&#39;</strong></span> <span class='ocrx_word' id='word_1_213' title='bbox 947 3849 1182 3927; x_wconf 74' lang='lat' dir='ltr'><strong>examinatori</strong></span> 
     </span>
     <span class='ocr_line' id='line_1_31' title="bbox 150 3969 1182 4078; baseline -0.007 -22"><span class='ocrx_word' id='word_1_214' title='bbox 150 3985 219 4057; x_wconf 85' lang='lat' dir='ltr'><strong>bus</strong></span> <span class='ocrx_word' id='word_1_215' title='bbox 236 4003 306 4078; x_wconf 85' lang='lat' dir='ltr'><strong>pro</strong></span> <span class='ocrx_word' id='word_1_216' title='bbox 326 3988 412 4051; x_wconf 86' lang='lat' dir='ltr'><strong>tuno</strong></span> <span class='ocrx_word' id='word_1_217' title='bbox 432 3981 557 4064; x_wconf 84' lang='lat' dir='ltr'><strong>libros,</strong></span> <span class='ocrx_word' id='word_1_218' title='bbox 578 4005 663 4074; x_wconf 88' lang='lat' dir='ltr'><strong>quos</strong></span> <span class='ocrx_word' id='word_1_219' title='bbox 681 3983 832 4069; x_wconf 78' lang='lat' dir='ltr'><strong>audivit,</strong></span> <span class='ocrx_word' id='word_1_220' title='bbox 848 4006 873 4054; x_wconf 80' lang='lat' dir='ltr'><strong>a·</strong></span> <span class='ocrx_word' id='word_1_221' title='bbox 887 4003 971 4075; x_wconf 85' lang='lat' dir='ltr'><strong>quo,</strong></span> <span class='ocrx_word' id='word_1_222' title='bbox 987 3981 1049 4055; x_wconf 81' lang='lat' dir='ltr'><strong>rel</strong></span> <span class='ocrx_word' id='word_1_223' title='bbox 1075 3969 1182 4067; x_wconf 69' lang='lat' dir='ltr'><strong>eqni</strong></span> 
     </span>
    </p>
   </div>
   <div class='ocr_carea' id='block_1_5' title="bbox 0 0 1362 4740">
    <p class='ocr_par' dir='ltr' id='par_1_5' title="bbox 0 0 1362 4740">
     <span class='ocr_line' id='line_1_32' title="bbox 0 0 1362 4740; baseline 0 0"><span class='ocrx_word' id='word_1_224' title='bbox 0 0 1362 4740; x_wconf 95' lang='lat' dir='ltr'><strong> </strong></span> 
     </span>
    </p>
   </div>
  </div>
 </body>
</html>
