2714 4740
170 296 275 376 llubr,
299 299 328 368 1.
1129 302 1174 381 tt

138 503 249 564 oerent
272 496 527 588 reportantes:
556 487 705 573 facultas
725 495 837 590 igitur
857 500 1002 594 cupiens
1024 496 1172 573 illorum

140 622 437 716 pronuntiatorum
457 621 684 689 temerariam
704 623 907 693 abusionem
930 626 1170 718 supprimere,

144 752 176 812 et
190 742 329 811 utilitati
353 743 573 813 studentium
605 741 773 812 fideliter
800 747 1007 837 providere,
1032 756 1172 818 matura

148 863 389 935 deliberatione
410 864 642 956 praehabita,
669 877 705 932 et
729 868 891 934 unanimi
907 891 1076 938 consensu
1094 878 1166 936 sta·

148 995 285 1068 luerunt,
354 985 449 1055 uod
452 987 567 1092 puivis
588 986 851 1081 maffitrorum
864 989 1023 1078 poterit,
1060 922 1285 1097 superl‘elg’lli0

151 1108 290 1196 quolibet
314 1109 419 1179 libro
450 1110 497 1176 de
531 1108 705 1177 facultate
731 1111 859 1176 artium
890 1110 1040 1202 propria
1072 1109 1171 1175 dicta
1213 1133 1275 1195 gata
1343 1130 1345 1134 ·

1201 1218 1256 1267 ope
1241 1215 1289 1252 era
1322 1225 1323 1228 ¹

1212 1282 1273 1352 leffl

150 1354 209 1443 ‹lo3
249 1357 384 1447 poterit
424 1377 561 1444 quoque
597 1359 734 1446 scripta
767 1356 948 1438 aliorum,
991 1364 1027 1423 et
1071 1352 1171 1421 dicta
1203 1373 1274 1424 1¹0⁸·

151 1504 203 1574 Per
222 1505 274 1564 ⁸⁸'
300 1486 373 1551 ant
383 1501 450 1571 Per
475 1478 585 1545 ‘dmm
605 1479 858 1569 Pronuntiare,
888 1478 1082 1548 dummodo
1098 1476 1169 1542 sint
1183 1435 1294 1583 '2215‘

152 1603 335 1692 abaliquo,
362 1601 421 1668 vel
441 1600 640 1693 aliquibus,
675 1600 831 1684 famoso,
868 1600 926 1667 vel
949 1598 1091 1667 famosis
1121 1596 1166 1665 de
1192 1608 1277 1760 01ιὶιὲ

152 1723 359 1798 universitate
388 1722 583 1814 Progensi‚
624 1724 834 1807 Parisiensi,
877 1725 937 1792 vel
973 1721 1167 1791 Oxoniensi
1204 1747 1273 1801 uni-

1191 1829 1284 1880 veral-

1208 1913 1267 1958 tute

152 1966 205 2036 ista
227 1979 326 2040 antea
351 1967 516 2034 fideliter
540 1969 758 2051 correxerit,
803 1976 839 2035 et
863 1969 1169 2061 pronuntiatorem
1197 1997 1298 2037 mau-
1351 2029 1355 2033 ,

1202 2060 1275 2118 rint·

151 1229 239 1315 dare,
262 1257 328 1326 per
352 1256 409 1314 se,
448 1232 506 1298 vel
526 1255 592 1323 per
616 1232 725 1329 alium
748 1231 912 1300 idoneum
939 1232 1171 1323 pronuntian-

153 1847 300 1938 magistro
334 1844 393 1912 vel
426 1845 609 1934 magistris
642 1846 865 1957 compilata,
907 1856 943 1913 et
971 1844 1168 1912 dummodo

153 2101 354 2189 assumpserit
373 2099 541 2169 idoneum
569 2109 606 2167 ot
624 2101 818 2176 valentem.
844 2100 1044 2175 Baccalarii
1060 2124 1167 2192 super

154 2215 242 2289 libros
262 2224 470 2292 Aristotelis
498 2232 534 2291 et
561 2224 649 2294 alios
672 2225 783 2295 libros
819 2226 990 2295 difficiles
1018 2227 1170 2318 propria

154 2334 229 2408 diota
253 2343 359 2426 dare,
385 2344 444 2410 vel
478 2345 712 2436 pronuntiare
737 2368 808 2412 non
840 2347 1042 2426 debebunt,
1071 2345 1171 2413 diota
1212 2406 1220 2431 .=
1304 2381 1306 2384 <

151 2465 246 2528 tamen
283 2464 434 2531 aliorum
467 2466 715 2555 magistrorum
754 2467 801 2532 de
829 2464 893 2530 ista
937 2463 1171 2531 universitate

152 2582 196 2650 vel
212 2584 353 2653 aliorum
372 2591 418 2657 de
435 2588 729 2668 universitatibus
741 2587 935 2655 Parisiensi
952 2587 1168 2654 scilicetnel

152 2695 327 2793 Osoniensi,
354 2706 565 2777 famosorum
587 2710 674 2776 dare
698 2717 892 2800 poterunt,
918 2731 990 2776 non
1019 2707 1168 2795 quidem

150 2841 200 2912 per
218 2829 319 2913 alios,
346 2831 409 2897 sed
431 2854 498 2922 per
522 2832 732 2929 semetipsos
755 2831 1043 2923 pronuntiando,
1071 2830 1170 2897 dum·

149 2948 236 3017 modo
268 2961 389 3020 tamen
421 2953 593 3023 decanum
618 3003 628 3038 ,
659 2955 725 3043 ‘qui
757 2977 826 3046 pro
852 2963 1017 3044 tempore
1049 2953 1171 3033 fuerit,

148 3076 414 3162 praerequirant,
441 3081 478 3144 ut
503 3077 571 3144 ista
606 3062 809 3146 committat
841 3075 947 3145 alicui
985 3076 1171 3166 magistro.

146 3211 224 3276 rum,
248 3196 307 3287 qui
328 3201 530 3280 examinet,
556 3200 586 3267 si
611 3201 681 3267 sint
701 3201 800 3284 dieta
822 3201 933 3280 istius,
960 3199 1015 3265 oui
1039 3197 1172 3264 adseri-

146 3311 273 3401 buutur,
309 3331 371 3387 aut
393 3323 501 3390 etiam
531 3324 603 3391 sint
623 3330 796 3411 correcta.
851 3319 1019 3411 Simplex
1052 3327 1172 3384 autem

146 3433 298 3513 scholaris
330 3441 424 3510 nihil
448 3444 585 3532 audeat
608 3444 840 3535 pronuntiare
861 3440 927 3508 sub
960 3460 1075 3531 poena
1098 3438 1174 3530 pri·
1227 3507 1231 3512 ,

146 3561 279 3631 vationis
309 3564 528 3644 lect,10num
567 3573 602 3632 et
630 3563 837 3663 resectionis
869 3585 889 3628 a
918 3561 1173 3628 communitate

146 3667 324 3768 facultatis,
349 3685 417 3751 nisi
439 3687 483 3752 ab
500 3685 630 3775 aliquo
638 3657 909 3782 magistrqrum
910 3680 1017 3750 fuerit
1037 3656 1171 3747 adhoc

146 3805 356 3887 constitutus,
384 3808 479 3890 qu‘us
512 3805 656 3873 nomine
685 3802 891 3895 pronuntiet
925 3824 987 3880 ea,
1031 3819 1118 3887 quae
1152 3819 1174 3864 a

146 3923 300 4013 magistro
323 3924 455 3996 fuerint
475 3928 543 3995 sibi
562 3934 802 4021 praesentata,
831 3935 866 3993 et
883 3930 1056 3992 correcta,
1071 3921 1175 3990 Hanc

147 4028 238 4128 igitur
271 4047 559 4116 constitutionem
582 4071 702 4116 omnes
725 4044 888 4137 magistri
922 4053 958 4111 et
981 4041 1175 4110 baccalarii
1263 4070 1266 4077 ⁴

147 4179 199 4252 per
207 4167 403 4253 juramenta
414 4172 590 4263 praestita
606 4169 771 4239 fideliter
784 4167 1034 4250 observabunt,
1046 4175 1083 4232 ot
1094 4185 1175 4231 eau-
