2714 4740
51 373 55 387 Ι
165 286 209 356 78
322 354 325 359 ,
728 294 729 301 “
1005 268 1114 340 Rubr.
1137 268 1182 341 V.

165 477 368 551 continuare
399 495 470 544 non
499 477 624 565 posset
637 519 649 555 ,
681 469 819 540 ratione
852 469 950 556 cujus
982 467 1137 538 deberet
1159 487 1222 536 cx·

166 608 293 683 curari.

659 723 719 795 10.
978 770 982 777 -

164 835 275 965 Quod
300 870 431 960 pastas
459 864 580 954 potest
616 845 735 952 colligi
759 844 902 924 divisim
926 841 969 922 da
992 842 1150 953 singulis
1175 838 1220 923 b·

88 968 93 983 ’
526 967 603 1049 bris
617 964 851 1073 partialibus.

255 1125 349 1195 Item
369 1145 426 1193 ao.
454 1119 598 1190 Domini
628 1119 741 1191 1367.
762 1117 964 1188 conclusum
994 1115 1066 1186 fuit
1091 1113 1217 1189 &ata-

159 1254 296 1330 tutum‚
329 1238 426 1335 quod
447 1249 569 1333 pastus
591 1239 786 1311 lectionum
814 1248 938 1332 potest
964 1238 1055 1335 oapi.
1069 1236 1217 1310 divisim

50 1332 59 1350 '
159 1371 204 1438 ue
230 1369 380 1461 singuiis
411 1367 517 1437 rubris
540 1364 754 1458 partialibus
763 1364 1148 1459 proportionabiliter,
1163 1373 1215 1435 a·

114 1591 117 1597 Ι
159 1522 243 1568 men
268 1496 465 1568 secundum
489 1500 610 1561 texam
635 1490 794 1584 superius
817 1499 1076 1584 praenotatam.

396 1703 398 1709 .
650 1635 714 1709 20.
1175 1705 1181 1718 ,

49 1782 51 1787 ⁴
161 1754 221 1835 De
243 1773 364 1861 paeaa
391 1759 508 1836 ariaas
534 1754 735 1855 recipientis
767 1754 951 1865 depasta,
977 1754 1217 1860 quinciaci

518 1898 620 1957 uetur
645 1879 683 1954 iu
707 1880 874 1956 statutis.
1191 1872 1196 1880 ’

253 2027 349 2096 Item
382 2036 509 2120 postea
542 2024 745 2095 conclusum
776 2025 856 2111 fuit,
888 2021 982 2114 quod
1008 2020 1132 2092 nullus
1162 2019 1214 2090 lc·

157 2152 318 2245 gentium
350 2151 462 2223 debet
493 2153 606 2222 minus
646 2174 777 2245 capere
812 2153 860 2221 de
891 2159 1000 2245 pastu
1024 2150 1213 2232 librorum,

157 2299 264 2366 quam
284 2276 322 2346 in
342 2285 425 2347 taxa
448 2278 624 2351 librorum
643 2280 869 2373 praescripta
893 2278 1106 2376 continetur,
1131 2273 1215 2347 &si

155 2405 232 2494 quis
253 2405 366 2476 minus
390 2405 637 2498 postulaverit,
658 2405 716 2472 vel
740 2427 784 2473 ex
798 2404 997 2475 intentione
1019 2402 1133 2473 miuus
1156 2422 1214 2471 re·

156 2527 308 2621 ceperit,
333 2535 372 2596 ut
391 2553 458 2623 per
478 2529 548 2598 boe
569 2531 710 2599 alliciat
734 2530 804 2599 sibi
835 2521 1030 2611 scholares,
1070 2531 1214 2597 tenetur

155 2653 202 2722 ad
223 2674 377 2747 poenam
397 2655 497 2727 unius
517 2638 599 2735 flor.
623 2678 728 2747 quem
751 2655 869 2726 solvat
891 2650 1071 2726 facultati·

654 2799 720 2875 21.

153 2936 214 3017 De
232 2938 433 3043 magistris,
447 2937 520 3045 vqui
545 2931 677 3016 babent
699 2964 778 3016 cussa
803 2934 931 3015 decaao
957 2932 1120 3014 lectiones
1131 2936 1216 3040 pri-

59 3112 66 3120 ·
177 3076 286 3140 vatus
310 3058 506 3168 indulgere,
532 3079 569 3140 at
593 3059 720 3141 literas
746 3057 957 3167 sigillandas
976 3061 1181 3166 corrigere.

249 3212 320 3285 Ao,
343 3210 430 3280 nni.
457 3211 558 3283 1370
580 3212 639 3279 die
656 3212 720 3282 30.
737 3208 947 3280 Decembris
968 3207 1135 3300 magistri
1151 3206 1214 3277 fa·

153 3334 296 3404 cultatis
329 3337 458 3408 artium
489 3327 738 3409 ‘conciliariter
769 3332 1003 3427 cougregati,
1039 3333 1210 3402 conside·

151 3469 269 3528 rantes
292 3481 336 3528 ex
361 3459 527 3552 pluribus
550 3461 715 3530 conciliis
739 3459 976 3554 praehabitis,
1012 3455 1111 3549 quod
1149 3457 1209 3527 ‹li-

151 3582 382 3672 spendioaum
412 3581 509 3651 foret
534 3608 601 3677 pro
629 3583 777 3675 singulis
805 3582 1016 3652 lectionibus
1042 3580 1212 3675 privatis

150 3705 392 3801 indulgeudis‚
411 3731 452 3776 ac
466 3708 576 3777 etiam
594 3731 662 3802 pro
688 3709 804 3781 literis
823 3710 1109 3804 recognitionum
1121 3726 1215 3800 gra·

150 3832 338 3914 duum,ch
353 3829 459 3900 etiam
478 3831 743 3923 promotionum
761 3835 1011 3927 graduatorum
1024 3830 1085 3902 uel
1106 3828 1215 3903 sobo·

150 3955 278 4025 larium
308 3946 508 4026 tribuendis
538 3958 701 4047 quolibet
732 3969 859 4031 eventu
881 3957 1210 4053 congregationem

151 4102 373 4165 communem
406 4079 524 4152 facere
563 4084 721 4152 omnium
754 4086 1016 4180 magistrorum,
1043 4080 1217 4149 decreve-

151 4216 230 4276 runt
241 4207 452 4277 unanimiter
466 4229 477 4281 ε
489 4208 582 4300 quod
596 4233 663 4303 pro
673 4206 871 4299 hujusmodi
883 4208 1041 4304 negotiis
1057 4215 1210 4298 quatuor
