2700 4732
103 204 166 273 186

107 438 356 523 Dtoossatas
383 455 504 542 mog.
540 426 734 650 mosia
751 426 892 516 Ketre
924 428 977 517 de
1011 426 1154 524 sisar.

540 590 635 678 gor
664 590 730 661 aa.

105 735 239 869 Anno
261 798 404 893 Domini
426 800 536 873 1379.
561 801 599 869 in
621 806 748 868 octava
765 807 848 870 anto
875 798 1009 899 tostum
1033 828 1063 878 s.
1083 806 1158 879 Ge·

104 924 200 1014 orgii
227 945 324 1017 mag.
357 922 537 1015 Georgius
565 922 679 993 Kolre
709 921 754 990 de
787 922 999 1016 Stargardia
1022 926 1157 1001 electus

106 1047 175 1117 t'uit
208 1046 244 1113 in
276 1043 449 1115 decanum
479 1044 663 1117 facultatis
688 1043 881 1115 secundnm
902 1044 1057 1117 formam
1087 1058 1156 1121 sta·

108 1180 280 1241 totorum.

202 1292 297 1362 Item
324 1294 362 1361 in
397 1292 527 1385 vigilia
550 1289 773 1362 Oitensionis
813 1276 1053 1363 Hermannns¹
1073 1292 1161 1365 We-

105 1414 266 1508 sondorp
289 1415 360 1484 det.
385 1416 449 1483 snb
466 1436 559 1508 mag.
580 1414 690 1484 Joan.
721 1413 1019 1509 Wyslonbrngho.
1045 1414 1085 1491 oi.

203 1518 297 1606 lieni
321 1538 357 1606 in
395 1537 456 1606 dio
486 1534 709 1607 ostensionis
730 1537 893 1607 Andreas
922 1538 968 1608 do
993 1538 1162 1615 Olomioz

109 1659 181 1730 dei.
201 1659 267 1728 sub
287 1679 381 1750 mag.
403 1657 557 1727 Nicolao
582 1656 763 1731 Bohemo.

206 1775 298 1845 Item
320 1783 359 1847 in
385 1778 577 1864 dominica,
608 1800 678 1869 qua
702 1787 862 1849 cantatur
889 1772 1161 1855 Misericordia

105 1901 266 1981 Domini,
297 1902 360 1970 Jo.
381 1899 428 1968 de
454 1902 543 1991 Tyn
562 1908 599 1971 et
624 1898 851 1970 Siawisozius
874 1901 968 1970 dett.

205 2022 298 2092 Item
319 2021 409 2092 feria
439 2017 473 2093 5.
502 2032 586 2091 ante
605 2022 776 2115 Philippi
812 2033 849 2092 et
876 2025 1009 2098 Jacobi
1036 2026 1159 2110 Niooi,

112 2144 266 2214 Fronto
288 2151 324 2215 ot
363 2144 412 2218 N.
440 2143 627 2239 Wygandi
657 2144 703 2212 de
732 2123 906 2216 Cratonis
947 2145 1161 2245 inceperunt

114 2267 175 2335 sub
195 2278 288 2357 mag.
309 2265 452 2338 Thomas
467 2267 512 2335 de
536 2266 707 2358 Pusylia.

208 2390 302 2457 Item
332 2391 371 2456 in
399 2387 579 2459 dominica
618 2399 700 2484 post
729 2390 879 2459 «Ioannis
907 2401 991 2462 ante
1019 2400 1159 2486 portam

111 2511 262 2581 latinam
299 2513 473 2605 processit
509 2512 556 2581 ad
583 2515 825 2605 magisterium
856 2514 908 2596 H,
927 2517 930 2522 ’
947 2513 1157 2607 Oldondonp

112 2640 175 2709 sub
195 2632 243 2702 H.
263 2632 309 2705 de
330 2633 467 2727 Stadis.

210 2758 306 2830 Item
339 2760 465 2829 eodem
499 2760 560 2831 die
594 2760 637 2832 C.
667 2760 714 2831 de
744 2757 963 2854 Geysmsrio
993 2759 1066 2832 det.
1094 2761 1152 2835 sot

113 2902 209 2974 mag.
232 2879 526 2958 Bartholomaeo.
691 2862 696 2870 ⁶
1136 2960 1141 2969 ,

209 3003 305 3076 Item
325 3005 415 3075 feria
443 3009 480 3080 2.
513 3012 684 3096 sequente
705 3004 815 3075 Joan.
841 3002 995 3095 Symuia
1017 3010 1055 3073 et
1075 3002 1150 3073 Bor·

113 3125 264 3218 tholdus
291 3127 419 3200 Borow
449 3129 661 3224 inceperunt
675 3185 677 3189 Α
690 3128 752 3199 sub
780 3148 876 3219 mag.
910 3126 975 3209 Jo.
1004 3126 1148 3200 Mation·

117 3247 271 3322 wonder.

212 3370 306 3442 item
334 3373 372 3442 in
391 3372 451 3442 die
471 3374 683 3443 ascensionis
703 3373 849 3444 Domini
863 3370 1040 3443 Henrious
1054 3370 1150 3444 Fran*

118 3491 305 3567 kenhuson
328 3497 401 3567 det.
426 3500 492 3566 sub
513 3518 609 3589 mag.
632 3497 682 3566 Η.
701 3498 881 3590 Kompen.
902 3495 940 3566 d.
1056 3590 1060 3597 Ι

211 3614 309 3684 Item
340 3616 378 3685 in
405 3616 532 3711 vigilia
555 3617 749 3688 Trinitatis
774 3625 942 3711 receptus
970 3616 1039 3689 tuit
1057 3638 1150 3709 mag·

117 3738 343 3810 Hermannus
362 3739 482 3807 Luroz
506 3741 553 3809 do
572 3738 689 3808 studio
710 3724 990 3829 Quinclesionsi.
1016 3740 1055 3813 d.
1129 3784 1133 3789 -

212 3858 306 3927 Item
329 3865 369 3928 in
395 3857 454 3927 die
476 3859 667 3929 Trinitatis
697 3861 760 3939 Jo.
784 3860 829 3929 de.
856 3857 961 3930 Vnna
989 3853 1153 3956 prooessit

117 3983 163 4072 ad
186 3983 432 4077 magisterium
453 3982 514 4056 sub
541 3984 819 4079 mag.1)itmaro
841 3983 1019 4057 Swerton.
