<?xml version="1.0" encoding="UTF-8"?>
<!DOCTYPE html PUBLIC "-//W3C//DTD XHTML 1.0 Transitional//EN"
    "http://www.w3.org/TR/xhtml1/DTD/xhtml1-transitional.dtd">
<html xmlns="http://www.w3.org/1999/xhtml" xml:lang="en" lang="en">
 <head>
  <title>
</title>
<meta http-equiv="Content-Type" content="text/html;charset=utf-8" />
  <meta name='ocr-system' content='tesseract 3.04.00' />
  <meta name='ocr-capabilities' content='ocr_page ocr_carea ocr_par ocr_line ocrx_word'/>
</head>
<body>
  <div class='ocr_page' id='page_1' title='image "./liberdecanorumf00unkngoog/liberdecanorumf00unkngoog_0458.png"; bbox 0 0 2700 4732; ppageno 0'>
   <div class='ocr_carea' id='block_1_1' title="bbox 118 218 184 292">
    <p class='ocr_par' dir='ltr' id='par_1_1' title="bbox 118 218 184 292">
     <span class='ocr_line' id='line_1_1' title="bbox 118 218 184 292; baseline -0.061 0"><span class='ocrx_word' id='word_1_1' title='bbox 118 218 184 292; x_wconf 79' lang='grc'><strong>398</strong></span> 
     </span>
    </p>
   </div>
   <div class='ocr_carea' id='block_1_2' title="bbox 113 402 1165 1578">
    <p class='ocr_par' dir='ltr' id='par_1_2' title="bbox 115 402 1165 744">
     <span class='ocr_line' id='line_1_2' title="bbox 116 402 1159 507; baseline 0.001 -21"><span class='ocrx_word' id='word_1_2' title='bbox 116 417 334 507; x_wconf 78' lang='lat' dir='ltr'><strong>Hirccberg,</strong></span> <span class='ocrx_word' id='word_1_3' title='bbox 359 413 466 481; x_wconf 82' lang='lat' dir='ltr'><strong>Joau.</strong></span> <span class='ocrx_word' id='word_1_4' title='bbox 488 406 633 498; x_wconf 80' lang='lat' dir='ltr'><strong>Pegner</strong></span> <span class='ocrx_word' id='word_1_5' title='bbox 651 404 699 477; x_wconf 87' lang='lat' dir='ltr'><strong>de</strong></span> <span class='ocrx_word' id='word_1_6' title='bbox 720 402 866 500; x_wconf 76' lang='lat' dir='ltr'><strong>Sspalt,</strong></span> <span class='ocrx_word' id='word_1_7' title='bbox 890 408 1017 483; x_wconf 81' lang='lat' dir='ltr'><strong>Petrus</strong></span> <span class='ocrx_word' id='word_1_8' title='bbox 1039 410 1159 487; x_wconf 81' lang='lat' dir='ltr'><strong>Bilr&#39;lra</strong></span> 
     </span>
     <span class='ocr_line' id='line_1_3' title="bbox 116 523 1159 627; baseline 0.003 -21"><span class='ocrx_word' id='word_1_9' title='bbox 116 536 394 627; x_wconf 83' lang='lat' dir='ltr'><strong>‹leBrunsperg,</strong></span> <span class='ocrx_word' id='word_1_10' title='bbox 417 523 655 619; x_wconf 81' lang='lat' dir='ltr'><strong>Marquardus</strong></span> <span class='ocrx_word' id='word_1_11' title='bbox 673 526 765 598; x_wconf 86' lang='lat' dir='ltr'><strong>Kint</strong></span> <span class='ocrx_word' id='word_1_12' title='bbox 785 528 831 598; x_wconf 73' lang='lat' dir='ltr'><strong>«le</strong></span> <span class='ocrx_word' id='word_1_13' title='bbox 845 530 1077 613; x_wconf 79' lang='lat' dir='ltr'><strong>Hamborclr.</strong></span> <span class='ocrx_word' id='word_1_14' title='bbox 1100 534 1159 609; x_wconf 78' lang='lat' dir='ltr'><strong>ud.</strong></span> 
     </span>
     <span class='ocr_line' id='line_1_4' title="bbox 115 645 1165 744; baseline 0.001 -16"><span class='ocrx_word' id='word_1_15' title='bbox 115 661 239 731; x_wconf 86' lang='lat' dir='ltr'><strong>Petrus</strong></span> <span class='ocrx_word' id='word_1_16' title='bbox 254 658 299 726; x_wconf 87' lang='lat' dir='ltr'><strong>de</strong></span> <span class='ocrx_word' id='word_1_17' title='bbox 310 652 517 744; x_wconf 77' lang='lat' dir='ltr'><strong>Hernberg.</strong></span> <span class='ocrx_word' id='word_1_18' title='bbox 543 645 705 720; x_wconf 72' lang='lat' dir='ltr'><strong>Andreas</strong></span> <span class='ocrx_word' id='word_1_19' title='bbox 724 648 857 720; x_wconf 81' lang='lat' dir='ltr'><strong>Strube</strong></span> <span class='ocrx_word' id='word_1_20' title='bbox 880 652 930 723; x_wconf 86' lang='lat' dir='ltr'><strong>de</strong></span> <span class='ocrx_word' id='word_1_21' title='bbox 945 656 1108 730; x_wconf 80' lang='lat' dir='ltr'><strong>Danczlr.</strong></span> <span class='ocrx_word' id='word_1_22' title='bbox 1123 660 1165 737; x_wconf 80' lang='lat' dir='ltr'><strong>u.-</strong></span> 
     </span>
    </p>

    <p class='ocr_par' dir='ltr' id='par_1_3' title="bbox 113 772 1160 1121">
     <span class='ocr_line' id='line_1_5' title="bbox 206 772 1158 851; baseline 0 -3"><span class='ocrx_word' id='word_1_23' title='bbox 206 776 300 848; x_wconf 86' lang='lat' dir='ltr'><strong>ltem</strong></span> <span class='ocrx_word' id='word_1_24' title='bbox 328 776 454 846; x_wconf 86' lang='lat' dir='ltr'><strong>eodem</strong></span> <span class='ocrx_word' id='word_1_25' title='bbox 489 793 581 842; x_wconf 87' lang='lat' dir='ltr'><strong>anno</strong></span> <span class='ocrx_word' id='word_1_26' title='bbox 618 776 727 840; x_wconf 84' lang='lat' dir='ltr'><strong>tertia</strong></span> <span class='ocrx_word' id='word_1_27' title='bbox 766 772 825 843; x_wconf 86' lang='lat' dir='ltr'><strong>die</strong></span> <span class='ocrx_word' id='word_1_28' title='bbox 859 777 996 846; x_wconf 84' lang='lat' dir='ltr'><strong>mensis</strong></span> <span class='ocrx_word' id='word_1_29' title='bbox 1034 780 1158 851; x_wconf 83' lang='lat' dir='ltr'><strong>Martii</strong></span> 
     </span>
     <span class='ocr_line' id='line_1_6' title="bbox 114 893 1160 988; baseline -0.001 -15"><span class='ocrx_word' id='word_1_30' title='bbox 114 902 361 973; x_wconf 84' lang='lat' dir='ltr'><strong>Wansceslaus</strong></span> <span class='ocrx_word' id='word_1_31' title='bbox 381 898 586 988; x_wconf 76' lang='lat' dir='ltr'><strong>Myroretc,</strong></span> <span class='ocrx_word' id='word_1_32' title='bbox 609 893 812 964; x_wconf 75' lang='lat' dir='ltr'><strong>licentiatus</strong></span> <span class='ocrx_word' id='word_1_33' title='bbox 832 895 869 965; x_wconf 91' lang='lat' dir='ltr'><strong>in</strong></span> <span class='ocrx_word' id='word_1_34' title='bbox 892 901 1041 981; x_wconf 83' lang='lat' dir='ltr'><strong>artibur,</strong></span> <span class='ocrx_word' id='word_1_35' title='bbox 1071 902 1160 973; x_wconf 84' lang='lat' dir='ltr'><strong>iuce-</strong></span> 
     </span>
     <span class='ocr_line' id='line_1_7' title="bbox 113 1016 1157 1121; baseline 0 -27"><span class='ocrx_word' id='word_1_36' title='bbox 113 1024 173 1119; x_wconf 86' lang='lat' dir='ltr'><strong>pit</strong></span> <span class='ocrx_word' id='word_1_37' title='bbox 192 1025 232 1092; x_wconf 90' lang='lat' dir='ltr'><strong>iu</strong></span> <span class='ocrx_word' id='word_1_38' title='bbox 250 1021 384 1091; x_wconf 83' lang='lat' dir='ltr'><strong>eisdem</strong></span> <span class='ocrx_word' id='word_1_39' title='bbox 406 1022 472 1089; x_wconf 75' lang='lat' dir='ltr'><strong>aula</strong></span> <span class='ocrx_word' id='word_1_40' title='bbox 500 1038 598 1109; x_wconf 82' lang='lat' dir='ltr'><strong>mag.</strong></span> <span class='ocrx_word' id='word_1_41' title='bbox 618 1016 801 1109; x_wconf 75' lang='lat' dir='ltr'><strong>Gregorio</strong></span> <span class='ocrx_word' id='word_1_42' title='bbox 819 1016 950 1089; x_wconf 80' lang='lat' dir='ltr'><strong>Leonis</strong></span> <span class='ocrx_word' id='word_1_43' title='bbox 969 1022 1016 1091; x_wconf 85' lang='lat' dir='ltr'><strong>‹le</strong></span> <span class='ocrx_word' id='word_1_44' title='bbox 1031 1024 1157 1121; x_wconf 70' lang='lat' dir='ltr'><strong>Frage.</strong></span> 
     </span>
    </p>

    <p class='ocr_par' dir='ltr' id='par_1_4' title="bbox 113 1137 1156 1578">
     <span class='ocr_line' id='line_1_8' title="bbox 210 1137 1156 1224; baseline 0.004 -12"><span class='ocrx_word' id='word_1_45' title='bbox 210 1143 305 1212; x_wconf 87' lang='lat' dir='ltr'><strong>Item</strong></span> <span class='ocrx_word' id='word_1_46' title='bbox 335 1138 459 1210; x_wconf 86' lang='lat' dir='ltr'><strong>eodem</strong></span> <span class='ocrx_word' id='word_1_47' title='bbox 479 1162 586 1224; x_wconf 87' lang='lat' dir='ltr'><strong>anuo,</strong></span> <span class='ocrx_word' id='word_1_48' title='bbox 612 1137 782 1209; x_wconf 82' lang='lat' dir='ltr'><strong>vicesima</strong></span> <span class='ocrx_word' id='word_1_49' title='bbox 813 1162 905 1211; x_wconf 87' lang='lat' dir='ltr'><strong>noua</strong></span> <span class='ocrx_word' id='word_1_50' title='bbox 937 1142 1003 1213; x_wconf 83' lang='lat' dir='ltr'><strong>(lie</strong></span> <span class='ocrx_word' id='word_1_51' title='bbox 1032 1150 1156 1219; x_wconf 78' lang='lat' dir='ltr'><strong>mensis</strong></span> 
     </span>
     <span class='ocr_line' id='line_1_9' title="bbox 113 1258 1154 1351; baseline 0 -14"><span class='ocrx_word' id='word_1_52' title='bbox 113 1266 245 1337; x_wconf 82' lang='lat' dir='ltr'><strong>Martii</strong></span> <span class='ocrx_word' id='word_1_53' title='bbox 270 1265 426 1333; x_wconf 76' lang='lat' dir='ltr'><strong>loannes</strong></span> <span class='ocrx_word' id='word_1_54' title='bbox 435 1261 646 1332; x_wconf 80' lang='lat' dir='ltr'><strong>Laurentius</strong></span> <span class='ocrx_word' id='word_1_55' title='bbox 667 1258 1022 1351; x_wconf 61' lang='lat' dir='ltr'><strong>ueteranorum,</strong></span> <span class='ocrx_word' id='word_1_56' title='bbox 1048 1266 1154 1337; x_wconf 89' lang='lat' dir='ltr'><strong>liceu-</strong></span> 
     </span>
     <span class='ocr_line' id='line_1_10' title="bbox 113 1381 1156 1483; baseline -0.001 -27"><span class='ocrx_word' id='word_1_57' title='bbox 113 1388 221 1459; x_wconf 78' lang='lat' dir='ltr'><strong>riatus</strong></span> <span class='ocrx_word' id='word_1_58' title='bbox 254 1387 294 1455; x_wconf 90' lang='lat' dir='ltr'><strong>in</strong></span> <span class='ocrx_word' id='word_1_59' title='bbox 315 1384 461 1467; x_wconf 84' lang='lat' dir='ltr'><strong>artibus,</strong></span> <span class='ocrx_word' id='word_1_60' title='bbox 481 1381 619 1480; x_wconf 83' lang='lat' dir='ltr'><strong>incepit</strong></span> <span class='ocrx_word' id='word_1_61' title='bbox 648 1383 688 1453; x_wconf 89' lang='lat' dir='ltr'><strong>iu</strong></span> <span class='ocrx_word' id='word_1_62' title='bbox 712 1382 849 1453; x_wconf 82' lang='lat' dir='ltr'><strong>eisdem</strong></span> <span class='ocrx_word' id='word_1_63' title='bbox 880 1384 945 1457; x_wconf 80' lang='lat' dir='ltr'><strong>sub</strong></span> <span class='ocrx_word' id='word_1_64' title='bbox 967 1409 1069 1483; x_wconf 75' lang='lat' dir='ltr'><strong>mag.</strong></span> <span class='ocrx_word' id='word_1_65' title='bbox 1098 1391 1156 1462; x_wconf 82' lang='lat' dir='ltr'><strong>Ja-</strong></span> 
     </span>
     <span class='ocr_line' id='line_1_11' title="bbox 113 1506 422 1578; baseline 0.003 -3"><span class='ocrx_word' id='word_1_66' title='bbox 113 1531 203 1578; x_wconf 86' lang='lat' dir='ltr'><strong>anne</strong></span> <span class='ocrx_word' id='word_1_67' title='bbox 223 1507 270 1576; x_wconf 90' lang='lat' dir='ltr'><strong>de</strong></span> <span class='ocrx_word' id='word_1_68' title='bbox 290 1506 422 1576; x_wconf 77' lang='lat' dir='ltr'><strong>Gracc.</strong></span> 
     </span>
    </p>
   </div>
   <div class='ocr_carea' id='block_1_3' title="bbox 167 1676 1150 1950">
    <p class='ocr_par' dir='ltr' id='par_1_5' title="bbox 167 1676 1150 1950">
     <span class='ocr_line' id='line_1_12' title="bbox 167 1676 1150 1819; baseline 0.004 -25"><span class='ocrx_word' id='word_1_69' title='bbox 167 1706 421 1795; x_wconf 82' lang='lat' dir='ltr'><strong>Deccnotue</strong></span> <span class='ocrx_word' id='word_1_70' title='bbox 438 1733 558 1817; x_wconf 74' lang='lat' dir='ltr'><strong>mag.</strong></span> <span class='ocrx_word' id='word_1_71' title='bbox 575 1703 765 1791; x_wconf 78' lang='lat' dir='ltr'><strong>Joormis</strong></span> <span class='ocrx_word' id='word_1_72' title='bbox 791 1700 1028 1819; x_wconf 72' lang='lat' dir='ltr'><strong>Hoffmann</strong></span> <span class='ocrx_word' id='word_1_73' title='bbox 1048 1710 1105 1797; x_wconf 80' lang='lat' dir='ltr'><strong>de</strong></span> <span class='ocrx_word' id='word_1_74' title='bbox 1145 1676 1150 1689; x_wconf 40' lang='lat'>⁸</span> 
     </span>
     <span class='ocr_line' id='line_1_13' title="bbox 513 1836 767 1950; baseline 0.016 -29"><span class='ocrx_word' id='word_1_75' title='bbox 513 1836 767 1950; x_wconf 68' lang='lat' dir='ltr'><strong>Swydm‘cz.</strong></span> 
     </span>
    </p>
   </div>
   <div class='ocr_carea' id='block_1_4' title="bbox 7 1975 1156 3829">
    <p class='ocr_par' dir='ltr' id='par_1_6' title="bbox 7 1975 1156 2841">
     <span class='ocr_line' id='line_1_14' title="bbox 109 1975 1156 2125; baseline 0.002 -21"><span class='ocrx_word' id='word_1_76' title='bbox 109 1975 241 2104; x_wconf 76' lang='lat' dir='ltr'><strong>Anno</strong></span> <span class='ocrx_word' id='word_1_77' title='bbox 279 2029 426 2103; x_wconf 84' lang='lat' dir='ltr'>Domini</span> <span class='ocrx_word' id='word_1_78' title='bbox 453 2025 760 2102; x_wconf 66' lang='lat' dir='ltr'><strong>monciacum</strong></span> <span class='ocrx_word' id='word_1_79' title='bbox 788 2030 905 2125; x_wconf 79' lang='lat' dir='ltr'><strong>prima</strong></span> <span class='ocrx_word' id='word_1_80' title='bbox 939 2030 1001 2101; x_wconf 84' lang='lat' dir='ltr'><strong>(lle</strong></span> <span class='ocrx_word' id='word_1_81' title='bbox 1021 2039 1156 2107; x_wconf 79' lang='lat' dir='ltr'><strong>mensis</strong></span> 
     </span>
     <span class='ocr_line' id='line_1_15' title="bbox 109 2148 1156 2252; baseline 0.008 -31"><span class='ocrx_word' id='word_1_82' title='bbox 109 2154 252 2248; x_wconf 79' lang='lat' dir='ltr'><strong>Aprilis</strong></span> <span class='ocrx_word' id='word_1_83' title='bbox 273 2172 340 2243; x_wconf 87' lang='lat' dir='ltr'><strong>ego</strong></span> <span class='ocrx_word' id='word_1_84' title='bbox 363 2153 518 2219; x_wconf 86' lang='lat' dir='ltr'><strong>Joauues</strong></span> <span class='ocrx_word' id='word_1_85' title='bbox 536 2148 734 2219; x_wconf 85' lang='lat' dir='ltr'><strong>Hoffmann</strong></span> <span class='ocrx_word' id='word_1_86' title='bbox 761 2151 808 2221; x_wconf 80' lang='lat' dir='ltr'><strong>(le</strong></span> <span class='ocrx_word' id='word_1_87' title='bbox 832 2152 1044 2245; x_wconf 73' lang='lat' dir='ltr'><strong>Swyduicz,</strong></span> <span class='ocrx_word' id='word_1_88' title='bbox 1064 2181 1156 2252; x_wconf 70' lang='lat' dir='ltr'><strong>mag.</strong></span> 
     </span>
     <span class='ocr_line' id='line_1_16' title="bbox 111 2270 1153 2358; baseline 0.005 -14"><span class='ocrx_word' id='word_1_89' title='bbox 111 2277 149 2344; x_wconf 88' lang='lat' dir='ltr'><strong>in</strong></span> <span class='ocrx_word' id='word_1_90' title='bbox 176 2275 322 2358; x_wconf 84' lang='lat' dir='ltr'><strong>artibus,</strong></span> <span class='ocrx_word' id='word_1_91' title='bbox 343 2270 396 2341; x_wconf 85' lang='lat' dir='ltr'><strong>lui</strong></span> <span class='ocrx_word' id='word_1_92' title='bbox 419 2274 552 2341; x_wconf 87' lang='lat' dir='ltr'><strong>electus</strong></span> <span class='ocrx_word' id='word_1_93' title='bbox 573 2271 610 2339; x_wconf 83' lang='lat' dir='ltr'><strong>in</strong></span> <span class='ocrx_word' id='word_1_94' title='bbox 633 2271 802 2341; x_wconf 85' lang='lat' dir='ltr'><strong>decanum</strong></span> <span class='ocrx_word' id='word_1_95' title='bbox 823 2272 1005 2346; x_wconf 76' lang='lat' dir='ltr'><strong>facultatis</strong></span> <span class='ocrx_word' id='word_1_96' title='bbox 1027 2279 1153 2350; x_wconf 85' lang='lat' dir='ltr'><strong>artium</strong></span> 
     </span>
     <span class='ocr_line' id='line_1_17' title="bbox 112 2392 1155 2486; baseline 0.005 -21"><span class='ocrx_word' id='word_1_97' title='bbox 112 2396 219 2466; x_wconf 77' lang='lat' dir='ltr'><strong>studii</strong></span> <span class='ocrx_word' id='word_1_98' title='bbox 242 2394 434 2486; x_wconf 83' lang='lat' dir='ltr'><strong>Prageusis</strong></span> <span class='ocrx_word' id='word_1_99' title='bbox 465 2392 654 2464; x_wconf 85' lang='lat' dir='ltr'><strong>secundum</strong></span> <span class='ocrx_word' id='word_1_100' title='bbox 681 2393 834 2464; x_wconf 83' lang='lat' dir='ltr'><strong>formam</strong></span> <span class='ocrx_word' id='word_1_101' title='bbox 861 2403 1074 2470; x_wconf 77' lang='lat' dir='ltr'><strong>statutorum</strong></span> <span class='ocrx_word' id='word_1_102' title='bbox 1105 2424 1155 2470; x_wconf 87' lang='lat' dir='ltr'><strong>su·</strong></span> 
     </span>
     <span class='ocr_line' id='line_1_18' title="bbox 7 2513 1154 2615; baseline 0.007 -32"><span class='ocrx_word' id='word_1_103' title='bbox 7 2528 11 2533; x_wconf 83' lang='lat'>&#39;</span> <span class='ocrx_word' id='word_1_104' title='bbox 110 2539 178 2610; x_wconf 91' lang='lat' dir='ltr'><strong>per</strong></span> <span class='ocrx_word' id='word_1_105' title='bbox 204 2515 274 2585; x_wconf 89' lang='lat' dir='ltr'><strong>hoc</strong></span> <span class='ocrx_word' id='word_1_106' title='bbox 308 2513 565 2593; x_wconf 77' lang='lat' dir='ltr'><strong>confectorum,</strong></span> <span class='ocrx_word' id='word_1_107' title='bbox 619 2514 797 2585; x_wconf 81' lang='lat' dir='ltr'><strong>Juraviet</strong></span> <span class='ocrx_word' id='word_1_108' title='bbox 819 2518 981 2610; x_wconf 83' lang='lat' dir='ltr'><strong>promisi,</strong></span> <span class='ocrx_word' id='word_1_109' title='bbox 1010 2540 1053 2588; x_wconf 88' lang='lat' dir='ltr'><strong>ac</strong></span> <span class='ocrx_word' id='word_1_110' title='bbox 1075 2544 1154 2615; x_wconf 85' lang='lat' dir='ltr'><strong>pro·</strong></span> 
     </span>
     <span class='ocr_line' id='line_1_19' title="bbox 115 2634 1149 2731; baseline 0.007 -27"><span class='ocrx_word' id='word_1_111' title='bbox 115 2637 221 2704; x_wconf 88' lang='lat' dir='ltr'><strong>missa</strong></span> <span class='ocrx_word' id='word_1_112' title='bbox 249 2644 331 2703; x_wconf 87' lang='lat' dir='ltr'><strong>tunc</strong></span> <span class='ocrx_word' id='word_1_113' title='bbox 360 2634 515 2724; x_wconf 83' lang='lat' dir='ltr'><strong>amgris</strong></span> <span class='ocrx_word' id='word_1_114' title='bbox 540 2636 788 2726; x_wconf 84' lang='lat' dir='ltr'><strong>praesentibus</strong></span> <span class='ocrx_word' id='word_1_115' title='bbox 817 2638 942 2731; x_wconf 84' lang='lat' dir='ltr'><strong>recepi</strong></span> <span class='ocrx_word' id='word_1_116' title='bbox 968 2642 1149 2713; x_wconf 80' lang='lat' dir='ltr'><strong>secuudum</strong></span> 
     </span>
     <span class='ocr_line' id='line_1_20' title="bbox 113 2752 641 2841; baseline 0.008 -17"><span class='ocrx_word' id='word_1_117' title='bbox 113 2765 248 2824; x_wconf 84' lang='lat' dir='ltr'><strong>statuta</strong></span> <span class='ocrx_word' id='word_1_118' title='bbox 265 2755 422 2841; x_wconf 85' lang='lat' dir='ltr'><strong>ejusdem</strong></span> <span class='ocrx_word' id='word_1_119' title='bbox 445 2752 641 2828; x_wconf 77' lang='lat' dir='ltr'><strong>facultatis.</strong></span> 
     </span>
    </p>

    <p class='ocr_par' dir='ltr' id='par_1_7' title="bbox 104 2874 1154 3709">
     <span class='ocr_line' id='line_1_21' title="bbox 204 2874 1150 2985; baseline 0.016 -39"><span class='ocrx_word' id='word_1_120' title='bbox 204 2876 298 2947; x_wconf 90' lang='lat' dir='ltr'><strong>Item</strong></span> <span class='ocrx_word' id='word_1_121' title='bbox 332 2877 457 2947; x_wconf 87' lang='lat' dir='ltr'><strong>eodem</strong></span> <span class='ocrx_word' id='word_1_122' title='bbox 485 2874 545 2947; x_wconf 82' lang='lat' dir='ltr'><strong>die</strong></span> <span class='ocrx_word' id='word_1_123' title='bbox 574 2881 683 2951; x_wconf 88' lang='lat' dir='ltr'><strong>electi</strong></span> <span class='ocrx_word' id='word_1_124' title='bbox 712 2882 854 2955; x_wconf 84' lang='lat' dir='ltr'><strong>fuerunt</strong></span> <span class='ocrx_word' id='word_1_125' title='bbox 879 2896 1030 2976; x_wconf 86' lang='lat' dir='ltr'><strong>quatuor</strong></span> <span class='ocrx_word' id='word_1_126' title='bbox 1055 2881 1150 2985; x_wconf 78' lang='lat' dir='ltr'><strong>mgri</strong></span> 
     </span>
     <span class='ocr_line' id='line_1_22' title="bbox 108 3000 1151 3092; baseline 0.016 -26"><span class='ocrx_word' id='word_1_127' title='bbox 108 3000 154 3068; x_wconf 87' lang='lat' dir='ltr'><strong>de</strong></span> <span class='ocrx_word' id='word_1_128' title='bbox 180 3000 560 3089; x_wconf 65' lang='lat' dir='ltr'><strong>praenominamus,</strong></span> <span class='ocrx_word' id='word_1_129' title='bbox 584 3004 648 3092; x_wconf 89' lang='lat' dir='ltr'><strong>qui</strong></span> <span class='ocrx_word' id='word_1_130' title='bbox 672 3026 749 3076; x_wconf 87' lang='lat' dir='ltr'><strong>cum</strong></span> <span class='ocrx_word' id='word_1_131' title='bbox 777 3003 910 3077; x_wconf 88' lang='lat' dir='ltr'><strong>decano</strong></span> <span class='ocrx_word' id='word_1_132' title='bbox 932 3009 1073 3081; x_wconf 84' lang='lat' dir='ltr'><strong>habeut</strong></span> <span class='ocrx_word' id='word_1_133' title='bbox 1099 3036 1151 3083; x_wconf 84' lang='lat' dir='ltr'><strong>re·</strong></span> 
     </span>
     <span class='ocr_line' id='line_1_23' title="bbox 106 3119 1151 3211; baseline 0.016 -26"><span class='ocrx_word' id='word_1_134' title='bbox 106 3121 256 3210; x_wconf 79' lang='lat' dir='ltr'><strong>spicere,</strong></span> <span class='ocrx_word' id='word_1_135' title='bbox 282 3119 377 3209; x_wconf 86' lang='lat' dir='ltr'><strong>quod</strong></span> <span class='ocrx_word' id='word_1_136' title='bbox 394 3128 523 3190; x_wconf 81' lang='lat' dir='ltr'><strong>statuta</strong></span> <span class='ocrx_word' id='word_1_137' title='bbox 546 3120 728 3193; x_wconf 84' lang='lat' dir='ltr'><strong>facultatis</strong></span> <span class='ocrx_word' id='word_1_138' title='bbox 754 3125 876 3197; x_wconf 85' lang='lat' dir='ltr'><strong>‹lobite</strong></span> <span class='ocrx_word' id='word_1_139' title='bbox 893 3131 1151 3211; x_wconf 65' lang='lat' dir='ltr'><strong>observentur}</strong></span> 
     </span>
     <span class='ocr_line' id='line_1_24' title="bbox 105 3238 1149 3346; baseline 0.017 -41"><span class='ocrx_word' id='word_1_140' title='bbox 105 3240 151 3307; x_wconf 76' lang='lat' dir='ltr'><strong>«le</strong></span> <span class='ocrx_word' id='word_1_141' title='bbox 182 3240 326 3309; x_wconf 86' lang='lat' dir='ltr'><strong>natione</strong></span> <span class='ocrx_word' id='word_1_142' title='bbox 353 3238 569 3310; x_wconf 89' lang='lat' dir='ltr'><strong>Boemorum</strong></span> <span class='ocrx_word' id='word_1_143' title='bbox 597 3266 693 3338; x_wconf 82' lang='lat' dir='ltr'><strong>mag.</strong></span> <span class='ocrx_word' id='word_1_144' title='bbox 715 3248 839 3319; x_wconf 84' lang='lat' dir='ltr'><strong>Petrus</strong></span> <span class='ocrx_word' id='word_1_145' title='bbox 862 3250 1071 3346; x_wconf 78' lang='lat' dir='ltr'><strong>Koniprus,</strong></span> <span class='ocrx_word' id='word_1_146' title='bbox 1104 3257 1149 3326; x_wconf 87' lang='lat' dir='ltr'><strong>de</strong></span> 
     </span>
     <span class='ocr_line' id='line_1_25' title="bbox 104 3358 1152 3461; baseline 0.014 -33"><span class='ocrx_word' id='word_1_147' title='bbox 104 3358 249 3428; x_wconf 85' lang='lat' dir='ltr'><strong>natione</strong></span> <span class='ocrx_word' id='word_1_148' title='bbox 280 3360 460 3430; x_wconf 83' lang='lat' dir='ltr'><strong>Saxonum</strong></span> <span class='ocrx_word' id='word_1_149' title='bbox 486 3386 581 3456; x_wconf 84' lang='lat' dir='ltr'><strong>mag.</strong></span> <span class='ocrx_word' id='word_1_150' title='bbox 614 3366 737 3436; x_wconf 85' lang='lat' dir='ltr'><strong>Petrus</strong></span> <span class='ocrx_word' id='word_1_151' title='bbox 769 3370 814 3438; x_wconf 86' lang='lat' dir='ltr'><strong>de</strong></span> <span class='ocrx_word' id='word_1_152' title='bbox 835 3372 1072 3461; x_wconf 81' lang='lat' dir='ltr'><strong>Premslauia,</strong></span> <span class='ocrx_word' id='word_1_153' title='bbox 1105 3376 1152 3445; x_wconf 77' lang='lat' dir='ltr'><strong>tle</strong></span> 
     </span>
     <span class='ocr_line' id='line_1_26' title="bbox 104 3471 1154 3578; baseline 0.019 -32"><span class='ocrx_word' id='word_1_154' title='bbox 104 3482 249 3546; x_wconf 84' lang='lat' dir='ltr'><strong>natione</strong></span> <span class='ocrx_word' id='word_1_155' title='bbox 277 3477 494 3550; x_wconf 83' lang='lat' dir='ltr'><strong>Bavarorum</strong></span> <span class='ocrx_word' id='word_1_156' title='bbox 523 3471 620 3578; x_wconf 59' lang='lat' dir='ltr'><strong>mag}</strong></span> <span class='ocrx_word' id='word_1_157' title='bbox 651 3487 874 3561; x_wconf 84' lang='lat' dir='ltr'><strong>Hermaunus</strong></span> <span class='ocrx_word' id='word_1_158' title='bbox 906 3492 953 3559; x_wconf 83' lang='lat' dir='ltr'><strong>de</strong></span> <span class='ocrx_word' id='word_1_159' title='bbox 978 3492 1154 3577; x_wconf 76' lang='lat' dir='ltr'><strong>Aledoru,</strong></span> 
     </span>
     <span class='ocr_line' id='line_1_27' title="bbox 105 3598 1006 3709; baseline 0.017 -42"><span class='ocrx_word' id='word_1_160' title='bbox 105 3601 150 3667; x_wconf 87' lang='lat' dir='ltr'><strong>de</strong></span> <span class='ocrx_word' id='word_1_161' title='bbox 169 3598 312 3668; x_wconf 89' lang='lat' dir='ltr'><strong>natione</strong></span> <span class='ocrx_word' id='word_1_162' title='bbox 331 3601 552 3673; x_wconf 87' lang='lat' dir='ltr'><strong>Polonorum</strong></span> <span class='ocrx_word' id='word_1_163' title='bbox 569 3628 666 3700; x_wconf 83' lang='lat' dir='ltr'><strong>mag.</strong></span> <span class='ocrx_word' id='word_1_164' title='bbox 685 3609 846 3680; x_wconf 65' lang='lat' dir='ltr'><strong>«loannes</strong></span> <span class='ocrx_word' id='word_1_165' title='bbox 866 3609 1006 3709; x_wconf 71' lang='lat' dir='ltr'><strong>Czaclu.</strong></span> 
     </span>
    </p>

    <p class='ocr_par' dir='ltr' id='par_1_8' title="bbox 197 3715 1153 3829">
     <span class='ocr_line' id='line_1_28' title="bbox 197 3715 1153 3829; baseline 0.019 -44"><span class='ocrx_word' id='word_1_166' title='bbox 197 3715 291 3786; x_wconf 86' lang='lat' dir='ltr'><strong>Item</strong></span> <span class='ocrx_word' id='word_1_167' title='bbox 315 3742 418 3807; x_wconf 87' lang='lat' dir='ltr'><strong>anno,</strong></span> <span class='ocrx_word' id='word_1_168' title='bbox 439 3745 509 3812; x_wconf 91' lang='lat' dir='ltr'><strong>quo</strong></span> <span class='ocrx_word' id='word_1_169' title='bbox 527 3746 655 3819; x_wconf 88' lang='lat' dir='ltr'><strong>supra,</strong></span> <span class='ocrx_word' id='word_1_170' title='bbox 678 3734 742 3802; x_wconf 57' lang='lat'><strong>22,</strong></span> <span class='ocrx_word' id='word_1_171' title='bbox 774 3731 832 3801; x_wconf 89' lang='lat' dir='ltr'><strong>die</strong></span> <span class='ocrx_word' id='word_1_172' title='bbox 851 3732 985 3801; x_wconf 81' lang='lat' dir='ltr'><strong>mensis</strong></span> <span class='ocrx_word' id='word_1_173' title='bbox 1007 3734 1153 3829; x_wconf 80' lang='lat' dir='ltr'><strong>Aprilis</strong></span> 
     </span>
    </p>
   </div>
   <div class='ocr_carea' id='block_1_5' title="bbox 103 3842 1153 4060">
    <p class='ocr_par' dir='ltr' id='par_1_9' title="bbox 103 3842 1153 4060">
     <span class='ocr_line' id='line_1_29' title="bbox 105 3842 1153 3953; baseline 0.02 -46"><span class='ocrx_word' id='word_1_174' title='bbox 105 3842 211 3909; x_wconf 86' lang='lat' dir='ltr'><strong>electi</strong></span> <span class='ocrx_word' id='word_1_175' title='bbox 224 3850 302 3912; x_wconf 87' lang='lat' dir='ltr'><strong>sont</strong></span> <span class='ocrx_word' id='word_1_176' title='bbox 313 3863 526 3917; x_wconf 67' lang='lat' dir='ltr'><strong>assessorem</strong></span> <span class='ocrx_word' id='word_1_177' title='bbox 546 3873 642 3944; x_wconf 79' lang='lat' dir='ltr'><strong>mag.</strong></span> <span class='ocrx_word' id='word_1_178' title='bbox 655 3852 781 3925; x_wconf 78' lang='lat' dir='ltr'><strong>Petrus</strong></span> <span class='ocrx_word' id='word_1_179' title='bbox 790 3851 980 3949; x_wconf 76' lang='lat' dir='ltr'><strong>Kouiprua</strong></span> <span class='ocrx_word' id='word_1_180' title='bbox 1002 3854 1153 3953; x_wconf 74' lang='lat' dir='ltr'><strong>etmug.</strong></span> 
     </span>
     <span class='ocr_line' id='line_1_30' title="bbox 103 3959 522 4060; baseline 0.019 -31"><span class='ocrx_word' id='word_1_181' title='bbox 103 3959 280 4032; x_wconf 83' lang='lat' dir='ltr'><strong>Henricus</strong></span> <span class='ocrx_word' id='word_1_182' title='bbox 298 3961 522 4060; x_wconf 83' lang='lat' dir='ltr'><strong>Bernhagen.</strong></span> 
     </span>
    </p>
   </div>
   <div class='ocr_carea' id='block_1_6' title="bbox 0 0 1354 4732">
    <p class='ocr_par' dir='ltr' id='par_1_10' title="bbox 0 0 1354 4732">
     <span class='ocr_line' id='line_1_31' title="bbox 0 0 1354 4732; baseline 0 3"><span class='ocrx_word' id='word_1_183' title='bbox 0 0 1354 4732; x_wconf 95' lang='lat' dir='ltr'><strong> </strong></span> 
     </span>
    </p>
   </div>
  </div>
 </body>
</html>
