2700 4732
1035 225 1102 296 os
1169 220 1171 232 .

57 423 201 494 doricus
222 417 457 506 Brunczwilt3
487 415 551 486 sed
576 439 643 510 pro
668 402 750 484 tuuc
769 426 914 488 examen
942 419 1011 488 luit
1037 423 1100 492 int-

55 543 218 636 pcditum
249 563 315 635 per
347 536 517 628 quosdam
548 526 668 628 ungros
697 519 852 606 nationis
888 538 1104 612 Bohemicae

60 671 210 754 propter
235 659 413 751 quoddam
437 653 638 725 mandatum
655 655 791 726 domini
812 658 908 750 regis
930 662 977 732 de
992 661 1105 731 tribus

59 784 224 867 vocibus,
259 780 368 850 etsie
392 779 460 848 illo
493 776 615 848 medio
644 798 737 847 anno
752 779 869 854 solum
897 796 1007 852 uuum
1035 778 1113 850 luit.

53 924 217 985 examen.

120 1111 378 1243 Decernatur
401 1179 522 1268 meg.
534 1086 729 1240 Simonis
746 1151 802 1239 de
819 1141 1043 1264 ¹lysandro.

59 1321 194 1471 Anno
216 1390 360 1464 Domini
382 1386 496 1460 1409.
517 1390 574 1458 die
593 1408 686 1456 nona
701 1386 832 1461 mensis
853 1385 945 1471 Maii
963 1404 1032 1476 ego
1047 1381 1102 1453 Si-

58 1539 142 1585 mon
159 1521 205 1586 de
217 1519 411 1606 'lyssnom
425 1534 523 1604 mag.
541 1513 579 1581 in
598 1509 1103 1604 artibus‚propterdissensio·
1185 1595 1191 1609 θ

36 1641 119 1704 'nes
151 1650 187 1705 et
210 1633 407 1705 discordias
430 1644 578 1722 quatuor
602 1632 782 1702 nationum
801 1635 840 1702 in
860 1632 1104 1715 universitate,

65 1774 102 1830 et
126 1759 369 1850 magistrorum
399 1756 437 1826 in
462 1756 633 1826 facultate
658 1756 796 1844 artium,
825 1759 886 1845 qui
904 1744 1104 1826 discordan-

62 1893 116 1950 tes
145 1884 182 1948 in
212 1874 394 1949 electionex
428 1880 552 1949 decani
579 1899 650 1947 non
678 1886 848 1972 poterant
874 1899 942 1971 pro
967 1878 1105 1949 decano
1137 1908 1144 1953 '.

62 2005 296 2083 concordare,
328 2025 394 2090 per
420 2001 681 2069 serenissimum
710 2001 912 2093 principem
934 2010 971 2067 et
992 1998 1104 2070 domin

58 2145 142 2193 num
161 2121 339 2187 dominum
352 2117 608 2198 wenceslaum,
619 2117 856 2186 Romanorum
874 2140 997 2208 regem
1013 2141 1102 2186 sem·

61 2248 333 2337 perangustum
359 2250 395 2306 et
410 2239 580 2306 Boemiae
606 2259 741 2328 regem,
766 2258 843 2304 sum
861 2236 1025 2306 facultati
1047 2262 1103 2308 ar·

61 2367 150 2432 tium
178 2365 213 2428 in
249 2362 423 2428 decanum
455 2361 617 2446 ejusdem
655 2357 832 2425 facultatis
859 2369 1101 2449 praesentatus

62 2497 99 2554 et
112 2507 177 2577 per
200 2483 365 2550 scabinos
381 2482 526 2567 majoris
541 2480 703 2549 civitatis
719 2480 920 2569 hagensis,
944 2504 1010 2549 nec
1031 2507 1106 2555 non
1196 2555 1199 2562 ,

58 2631 124 2702 per
159 2603 330 2672 famosum
350 2603 547 2686 Nicolaum,
571 2603 814 2673 consiliarium
842 2602 1017 2697 praedicti
1039 2606 1102 2674 do·

62 2730 149 2798 mini
172 2730 279 2818 regis,
306 2739 484 2816 tamquam
510 2727 710 2796 executoris
725 2727 899 2819 regalium
919 2728 1104 2802 literarum

57 2854 95 2920 in
112 2852 371 2942 possessionem
391 2848 548 2942 positus,
566 2854 603 2917 et
621 2871 690 2941 per
710 2850 931 2942 praedictam
951 2850 1102 2921 faculta-

58 2986 131 3040 tem
148 2980 362 3062 acceptatus.
388 2970 514 3040 duravi
530 2969 649 3040 eidem
668 2971 791 3042 officio
811 2970 975 3042 fideliter
997 2996 1100 3068 prae·

58 3093 187 3160 sidere.
1079 3174 1088 3195 '

154 3211 248 3278 Item
270 3211 329 3279 die
353 3212 413 3284 14.
439 3219 569 3283 mensis
588 3215 686 3302 Maji
707 3216 868 3303 ejusdem
899 3219 982 3288 anni
1009 3219 1104 3290 facta

62 3336 321 3403 convocatione
341 3332 523 3405 facultatis
538 3339 652 3407 electi
671 3348 754 3407 sunt
772 3338 1035 3432 dispensatores
1059 3345 1102 3410 li·

62 3458 235 3524 brorum:
260 3455 354 3542 mgri
382 3450 577 3548 Gregorius
601 3459 765 3532 Thomas
789 3460 974 3556 dePraga,
999 3464 1101 3535 Bric-

59 3580 134 3645 cius
157 3571 202 3640 de
226 3576 327 3658 Saea,
353 3575 548 3672 Procopius
566 3582 611 3653 de
634 3583 816 3670 Kladrulr‚
843 3583 906 3658 Fr.
928 3585 1101 3688 Andreas,

58 3698 196 3769 ordinis
217 3690 519 3789 praedicatorum.

157 3819 251 3885 Item
293 3821 420 3890 eodem
452 3824 513 3893 die
546 3829 654 3899 electi
693 3830 831 3904 fuerunt
859 3833 1099 3914 collectorert

63 3938 155 4034 mgri
167 3939 288 4008 Petrus
302 3939 347 4007 dc
363 3942 595 4038 llouyeprust
615 3963 653 4018 et
663 3949 888 4022 -Miclraclde
903 3951 1102 4029 Maledicz.
