2700 4732
93 282 202 354 rubr.
225 281 266 349 V.
1070 303 1113 367 69

50 480 383 558 arithmeticalibus
416 475 477 569 ³³),
517 480 847 550 astronomicalibus
878 479 1107 560 &musicali-

43 610 121 685 dius
149 604 344 675 secundum
370 602 671 675 deliberationem
700 603 952 694 magistrorum
979 634 1107 704 regen.

53 729 162 810 tium,
188 748 250 794 seu
278 749 348 816 pro
369 724 438 795 illo
459 748 550 793 anno
570 747 698 815 regere
729 724 927 796 volentium
951 731 1044 813 inter
1060 737 1106 804 il.

55 852 110 921 los
135 848 303 917 distribui
336 847 454 939 prima
484 847 543 914 die
569 845 792 938 Septembris
827 848 971 947 taliter,
1014 855 1109 945 quod

45 949 177 1043 'omues
203 970 396 1051 ordinarie,
416 977 528 1060 prout,
548 969 723 1057 sequitur,
749 968 942 1054 finiantur,
970 970 1002 1043 85
1033 977 1110 1066 qui.

57 1115 190 1182 ermque
217 1091 468 1184 magistrorum
500 1091 626 1159 eadem
665 1089 724 1158 die
760 1091 1002 1164 distributioni
1039 1121 1111 1168 non

59 1207 277 1295 interfuerit,
304 1212 364 1278 vel
389 1208 517 1280 habitu
539 1206 712 1293 caruerit,
737 1211 855 1280 locum
881 1214 1026 1286 amittat
1058 1238 1111 1287 se·

60 1339 209 1410 cundum
228 1336 364 1406 senium
384 1333 603 1405 ordinarium
624 1336 757 1406 librum
782 1310 976 1430 eligendi..

561 1523 596 1593 2.

107 1680 168 1764 De
189 1687 364 1790 promisso
389 1687 559 1792 magistri
583 1681 803 1765 ordinarium
828 1689 1043 1794 recipientis.
1165 1693 1166 1696 ‘

152 1856 251 1926 Item
271 1857 332 1932 16.
349 1858 407 1926 die
419 1857 548 1933 mensis
561 1857 649 1927 Dec.
676 1859 713 1927 in
736 1858 846 1951 plena
859 1841 1109 1954 magistrorum

64 1981 345 2074 congregatione
370 1982 571 2050 conclusum
601 1981 671 2050 fuit
707 1980 975 2054 &unanimiter
1003 1996 1110 2060 statu·

65 2110 158 2185 tum,
185 2101 281 2191 quod
314 2101 468 2190 quilibet
502 2103 756 2192 magistrorum
787 2105 990 2194 regentium
1019 2115 1110 2174 tem-

64 2246 151 2317 pore
177 2225 439 2314 acceptationis
467 2224 640 2292 ordinarii
663 2225 750 2291 libri
771 2227 822 2295 sui
847 2229 1036 2315 promittat
1050 2232 1110 2299 de·

64 2367 170 2428 ceno,
213 2366 251 2412 sc
281 2346 377 2411 velle
410 2367 512 2412 suurn
545 2344 764 2413 ordinarium
796 2368 864 2436 per
895 2369 932 2414 se
961 2348 1021 2438 =vel
1048 2375 1115 2441 per

61 2464 170 2535 alium
189 2465 372 2557 resignare
395 2466 530 2535 decano
551 2465 610 2533 vel
637 2463 820 2546 facultati,
847 2465 889 2549 si,
924 2476 1115 2557 antequam

63 2609 147 2659 eum
171 2587 440 2671 terminaverit,
480 2587 667 2679 contingat
701 2586 816 2680 ipsum
848 2589 1027 2677 recedere,
1054 2588 1114 2660 vel

58 2732 134 2781 uon
164 2734 270 2804 posse
301 2711 519 2780 continuare.
584 2709 627 2778 si
656 2728 741 2778 vero
766 2707 898 2796 aliquis
929 2712 1114 2804 magistro·

56 2861 142 2911 rum
163 2837 287 2908 taliter
314 2837 389 2908 sine
409 2836 651 2928 resignatione
678 2838 886 2918 recesserit,
922 2839 983 2905 vel
1006 2841 1115 2908 alium

59 2960 275 3052 magistrum
310 2962 384 3029 sine
414 2959 565 3028 licentia
596 2955 724 3027 decani
763 2957 822 3026 vel
858 2954 1038 3037 facultatis
1071 2961 1118 3030 ad

59 3083 347 3154 continuandum
387 3106 484 3152 suum
527 3082 745 3151 ordinarium
788 3079 990 3164 substituat,
1036 3091 1118 3152 tunc

59 3204 244 3296 mgister
270 3228 342 3273 non
366 3205 575 3294 resignans,
613 3203 642 3270 si
670 3201 780 3271 luerit
807 3221 994 3291 praesens,
1020 3178 1136 3271 tene-⁸

61 3332 128 3394 tur
153 3324 294 3393 solvere
310 3325 482 3421 ‘facultati
515 3348 619 3395 unum
643 3325 841 3410 florenum3
870 3323 900 3390 si
929 3345 1015 3394 vero
1048 3349 1121 3396 uon

64 3445 185 3515 fuerit
209 3470 397 3542 praesens,
423 3458 508 3517 tunc
536 3448 613 3516 sinc
645 3444 794 3513 licentia
828 3443 1035 3516 continuans
1065 3471 1122 3517 or·

66 3568 252 3642 dinarium
284 3593 354 3640 non
385 3570 603 3664 resignantis
629 3565 850 3639 adeandem
878 3588 1033 3661 poenam
1059 3570 1123 3638 ob·

64 3690 219 3787 ligatur.

63 3900 352 3920 m

114 4010 151 4084 ἢ
171 4013 268 4069 codex
286 4010 391 4068 habet:
412 3998 779 4065 crismeticrlibur.

592 4212 616 4282 6
