2714 4740
149 288 191 361 72
976 283 1082 354 uuor.
1110 284 1178 358 ν’·

164 482 284 567 tertio3
296 485 436 579 scilicet
452 484 635 554 ordinario
654 485 878 566 concurrant,
897 507 964 554 nec
982 483 1113 574 aliquia
1133 507 1217 578 pos·

162 609 208 674 sit
233 632 312 675 cum
337 608 505 700 pluribus,
526 628 630 693 quam
651 605 784 674 duobus
814 623 1047 692 concurrere3
1078 606 1118 673 in
1146 604 1216 673 tali

162 741 276 799 autem
299 753 468 799 concursu
490 728 687 796 ordinarius
711 727 863 797 habebit
895 730 1017 798 locum
1051 725 1218 818 eligendi

55 864 58 870 '
162 855 288 932 horam
317 851 348 922 Sc
380 851 533 930 scholas,
559 851 597 918 in
626 874 694 938 qua
717 849 806 920 hora
829 852 947 922 nullus
971 874 1092 919 secum
1130 876 1215 922 con·

163 953 375 1042 currentium
393 971 505 1071 legat,
533 991 592 1040 sen
619 970 743 1061 legere
768 970 900 1057 debet3
924 971 976 1038 ¹in
998 957 1069 1040 hac
1100 974 1215 1044 etiam

132 1136 133 1139 =
163 1093 410 1163 concurrentia
446 1093 543 1161 locus
571 1114 647 1159 esse
680 1092 792 1160 debet
837 1095 1089 1186 praeventioni
1120 1142 1137 1180 ,
1174 1106 1214 1166 et

164 1219 271 1285 etiam
294 1194 555 1304 gratificationi
574 1211 767 1296 facultatis,
788 1214 816 1281 si
842 1216 965 1306 plures
1006 1239 1113 1305 quam
1142 1216 1214 1289 duo

163 1359 367 1406 concursum
395 1333 569 1428 petierint
596 1331 643 1402 ad
667 1333 833 1403 eundem.
886 1335 960 1404 Sed
978 1337 1016 1403 in
1040 1337 1215 1434 decanatu

103 1497 106 1510 ·
163 1456 325 1549 magistri
352 1456 532 1530 Mathiae
551 1454 748 1523 Kerbelicz
778 1454 845 1526 fuit
873 1454 945 1523 hoc
969 1465 1144 1526 statutum
1168 1459 1215 1526 dc

163 1578 417 1650 concurrentiis
433 1579 716 1668 interpretatum,
740 1577 835 1665 quod
864 1570 973 1658 nort
993 1580 1146 1668 quinon
1165 1583 1212 1650 fr.

162 1702 320 1769 nitentur
349 1699 414 1770 suis
441 1699 583 1766 statutis
615 1698 788 1786 terminia,
812 1699 890 1767 sine
913 1699 1099 1790 petitionis
1131 1720 1212 1773 con·

163 1819 342 1890 currentia
363 1844 429 1913 per
451 1819 541 1888 alios
565 1803 752 1930 magistros
772 1828 918 1914 possent
941 1820 1035 1912 legi,

669 1970 708 2047 80

432 2108 493 2187 De
515 2107 669 2214 tempore
694 2111 933 2192 concurrendi.

258 2257 418 2327 ltem'in
447 2259 520 2327 alia
550 2243 830 2353 congregatione
866 2263 936 2337 fuit
974 2269 1147 2332 statutum
1178 2251 1218 2332 dc

52 2364 55 2367 Α
161 2383 373 2464 conclusum,
406 2381 498 2468 quod
530 2383 645 2454 nullus
680 2383 717 2450 iu
752 2396 856 2451 autea
888 2384 1038 2477 deberet
1068 2406 1211 2473 concur·

161 2528 240 2574 rere
261 2486 339 2570 cum
359 2505 540 2571 ordinarie
558 2507 715 2595 legente,
738 2509 807 2574 nisi
837 2518 918 2600 post
943 2517 1109 2576 octavam
1136 2508 1209 2601 cpi·

160 2627 328 2719 phaniae,
350 2650 414 2693 nec
446 2651 513 2717 pro
538 2631 785 2697 concurrentia
810 2629 976 2697 facultati
995 2633 1210 2723 supplicare,

160 2769 273 2834 neque
296 2746 531 2815 intentionem
551 2754 654 2817 suanr'
667 2752 901 2821 concurrendi
922 2751 1003 2818 aliis
1025 2748 1211 2844 publicare

160 2878 243 2938 aute
274 2868 404 2938 festum
436 2872 633 2940 nativitatis
662 2872 822 2954 Christi,
857 2875 1115 2968 quiapropter
1140 2873 1207 2945 hoc

84 3056 87 3062 ,
159 2992 254 3063 forte
277 2993 477 3064 retraheret
500 2994 636 3084 aliquos
664 2998 710 3064 ab
734 2998 913 3069 auditione
943 2997 1144 3086 ordinarii3
1183 2997 1211 3067 si

158 3141 244 3189 vero
274 3120 401 3208 aliquis
424 3119 693 3187 convinceretur
716 3120 752 3186 in
776 3120 976 3211 praedictis
1006 3120 1210 3219 encessisse,

158 3239 403 3328 concurrentia
423 3249 506 3311 ante
524 3239 654 3307 festum
669 3241 821 3330 Georgii
837 3241 1038 3311 nullatenus
1057 3229 1210 3312 sibide-

158 3340 230 3435 tur.
262 3361 312 3428 Et
332 3361 370 3426 in
390 3362 563 3431 decanatu
587 3365 750 3456 magistri
765 3363 921 3430 Conradi
942 3362 989 3431 de
1006 3366 1211 3437 Wormacia

86 3466 95 3492 l*
157 3483 317 3553 omnibus
343 3507 445 3577 supra
466 3488 613 3578 scriptis
631 3487 770 3554 statutis
794 3487 974 3574 adjectum
1010 3488 1090 3574 fuit,
1119 3490 1212 3578 cloud

155 3604 354 3672 antediem
376 3607 608 3694 lnuocentum
626 3608 730 3676 «nulla
751 3607 819 3674 fiat
847 3613 1085 3701 congregatio
1105 3634 1210 3704 snper

155 3730 387 3817 cujuscunque
411 3731 588 3821 petitione
607 3753 676 3823 pro
699 3735 943 3802 concurrentia
967 3733 1210 3824 impetranda.

154 3853 249 3919 Item
269 3853 365 3939 quod
390 3853 551 3921 volentes
573 3866 698 3946 petere
724 3846 990 3923 concurrentias
1008 3859 1046 3922 in
1069 3857 1130 3925 dic
1151 3855 1209 3922 ln·

153 3987 364 4058 nocentum,
389 3985 451 4043 aut
482 3998 687 4066 quacunque
719 3977 791 4045 alia
813 3978 871 4045 die
892 3979 1075 4064 sequenti,
1108 4002 1210 4072 prae-

140 4105 292 4179 ,sentent
317 4099 462 4167 uomina
496 4124 554 4171 sua
588 4101 725 4169 decano
756 4125 838 4169 cunr
871 4100 1074 4170 nominibus
1100 4102 1228 4170 libro-

90 4194 95 4199 *
145 4242 231 4307 rum
258 4219 485 4305 antediem,
513 4225 550 4294 in
571 4248 637 4315 qua
661 4226 896 4318 congregatio
920 4222 1005 4291 sieri
1027 4225 1153 4294 debet.
