2714 4740
955 310 1061 412 llubr.
1084 313 1158 384 vn.
1181 318 1272 388 vm.
1349 316 1356 343 *

777 531 814 607 8.

276 685 495 771 (traducti
482 707 519 760 m
545 672 684 754 artibus
703 699 778 753 unu
803 670 865 751 deb
867 692 926 753 eut
953 679 1042 778 paui
1076 680 1130 758 ad
1162 679 1312 808 rotuluu
1348 652 1357 664 Ἰ

663 796 901 906 juristurum.
1060 831 1115 904 Α,
1241 890 1244 895 .
1349 888 1351 893 Α

309 998 310 1003 ’
366 975 461 1045 Item
481 973 518 1041 in
536 972 710 1040 decanatu
727 971 891 1060 magistri
903 922 1315 1047 Mensonis'oonolucnu

271 1106 360 1182 erat,
385 1093 479 1183 quod
501 1092 617 1161 nullus
639 1091 827 1182 graduatus
850 1095 895 1158 de
916 1091 1086 1162 facultate
1102 1095 1237 1165 artium
1255 1097 1313 1165 ‹lc-

202 1228 205 1232 ’
273 1225 358 1290 beat
376 1217 463 1310 poni
482 1216 528 1283 ad
549 1213 702 1284 rotulum
719 1213 931 1312 juristarum‚
962 1217 1028 1285 nisi
1055 1199 1168 1286 fuerit
1197 1217 1317 1289 doctor

274 1345 409 1437 injure
435 1339 628 1424 canonico3
656 1345 692 1403 et
716 1345 844 1428 postea
862 1340 1068 1407 conclusum
1095 1338 1167 1408 fuit
1188 1340 1227 1407 in
1262 1342 1329 1411 dc·
1355 1341 1357 1397 l

275 1470 401 1532 canatu
421 1483 520 1551 mag.
540 1446 712 1542 Erllarrli‚
734 1459 829 1548 quod
851 1460 949 1528 istud
973 1471 1141 1534 statutum
1172 1462 1319 1534 deberet
1352 1552 1355 1557 Ι

198 1557 200 1563 ¹
273 1587 417 1663 servari,
440 1585 502 1652 sub
536 1582 653 1676 poena
675 1582 891 1674 privationis
925 1585 1087 1653 omnium
1114 1588 1317 1657 commodo·
1352 1590 1355 1595 '

272 1729 350 1777 rum
366 1705 548 1775 facultatis
572 1715 608 1775 et
631 1705 834 1775 exclusione
855 1706 901 1773 ab
924 1708 1063 1784 eadem,

475 1994 480 2011 .
557 1930 765 2005 ocrnvn
792 1911 1059 2012 nucales..

776 2117 809 2186 1·
877 2127 878 2131 o

346 2261 404 2342 De
423 2262 511 2358 fisco
529 2254 731 2354 facultatis,
763 2271 798 2332 et
823 2251 951 2333 debitis
977 2224 1253 2373 extorqucudis.

371 2433 465 2501 Item
491 2433 527 2499 in
549 2432 659 2523 plena
682 2430 960 2519 congregatione
982 2429 1163 2499 facultatis
1183 2406 1320 2505 (lolius,

277 2567 391 2627 ratum
412 2556 480 2624 fuit
503 2564 539 2621 et
573 2556 777 2622 conclusum
800 2553 954 2620 secunda
982 2552 1042 2621 die
1061 2557 1203 2642 Martii,
1232 2564 1324 2649 quod

273 2680 427 2770 pecunia
459 2677 639 2746 facultatis
677 2699 743 2768 per
772 2684 975 2766 receptores
1016 2701 1077 2747 seu
1101 2701 1325 2774 quoscunque

100 2823 105 2836 ·
276 2802 367 2873 alios
387 2799 554 2894 expendi,
578 2798 742 2890 distribui
764 2823 824 2868 seu
840 2800 996 2871 consumi
1017 2804 1258 2895 non'rlebeat,
1276 2810 1329 2878 ni„

211 2904 213 2908 ¹
277 2925 308 2994 si
331 2925 369 2992 in
388 2925 564 3001 communi
581 2923 793 2993 necessitate
816 2925 1009 2997 facultatis.

784 3093 822 3162 2.

277 3232 336 3312 De
361 3232 454 3309 cista
470 3225 668 3332 facultatis
696 3245 732 3305 et
757 3231 847 3305 seris
872 3244 909 3306 et
933 3224 1106 3318 clavibus,
1133 3247 1171 3308 et
1197 3253 1329 3365 tempos

397 3381 438 3432 re
463 3352 691 3458 irrmositionis
713 3357 941 3457 pecuniarum
966 3356 1018 3431 ad
1038 3354 1195 3437 eundem

274 3491 277 3498 ’
373 3499 466 3568 Item
485 3501 648 3568 omnibus
669 3501 850 3589 magistris
876 3510 960 3574 actu
980 3481 1233 3595 regentibus
1221 3532 1260 3578 m
1276 3535 1330 3580 ar·

279 3623 372 3692 tibus
401 3623 629 3714 congregatis
663 3622 847 3691 videbatur
874 3625 1066 3718 expedire,
1102 3635 1143 3696 ut
1179 3629 1334 3703 facultas

283 3745 434 3812 haberet
463 3747 587 3811 cistam
609 3769 686 3815 cum
703 3744 816 3810 tribus
840 3749 937 3828 seris
959 3770 1103 3836 quarum
1119 3751 1247 3824 claves
1269 3752 1356 3837 lm,

281 3871 365 3936 beat
392 3872 541 3936 decanus
582 3889 660 3934 cum
695 3865 972 3952 collectoribus,
1016 3871 1173 3967 quilibet
1210 3901 1334 3950 eorum

282 4012 397 4069 unam,
431 3997 467 4055 et
498 3987 773 4058 concludebatur
803 4012 880 4058 cum
903 3988 982 4072 hcc,
1006 3992 1101 4080 quod
1127 3996 1336 4101 quicunque

284 4108 422 4177 amodo
435 4107 629 4199 eligeretur
642 4106 680 4173 in
702 4109 946 4191 collectorem,
968 4113 1004 4179 in
1025 4105 1200 4201 quolibet
1216 4144 1337 4194 meuse
