2714 4740
255 208 319 281 132

170 499 173 508 ,
306 419 489 495 debebunt
515 421 616 506 juxta
649 414 805 488 formum
830 413 960 487 literae
994 414 1032 487 ln
1059 407 1132 489 boc
1164 416 1331 491 confec·

300 557 372 629 tae,
398 548 436 615 in
453 544 546 614 fisco
571 542 752 611 facultatis
772 545 964 633 repositae,
986 565 1075 633 quae
1094 542 1246 635 quidem
1267 544 1312 615 ii·

303 677 382 738 tera
410 668 547 736 nullum
570 668 640 759 'per
666 663 817 756 amplius
844 665 958 733 lateat
990 646 1310 773 decan-gfacul·

303 793 390 863 tatis
416 792 688 883 praescripta03
715 788 848 857 debent
873 791 968 861 eninr
991 792 1130 889 solvere
1157 778 1310 889 s'iugulir

303 919 406 989 annis
431 938 500 1008 pro
523 936 586 985 sex
606 914 793 1007 sexagenis
823 912 860 982 in
891 915 1023 989 duobus
1055 916 1238 1003 terminis,
1264 918 1310 989 si·

303 1052 362 1113 cut
384 1040 481 1111 cauit
500 1039 628 1125 litera,
657 1042 694 1108 iu
724 1040 848 1131 quibus
879 1043 1044 1112 terminis
1077 1040 1238 1115 decanus
1258 1042 1309 1114 fa·

261 1136 269 1176 '⁵
304 1166 449 1238 cultatis
473 1165 719 1261 praescriptae
749 1163 953 1257 praedictas
984 1186 1046 1236 sex
1068 1190 1310 1267 sexagenum

300 1291 558 1385 ¹praenuntiato
578 1289 738 1380 collegio
772 1288 924 1358 debebit
956 1293 1101 1385 exigere
1121 1315 1238 1385 usque
1263 1290 1310 1367 ati

308 1415 596 1487 extenuationem
615 1410 721 1481 totius
740 1411 855 1482 debiti
874 1436 977 1506 supra
995 1418 1310 1509 praementiomsti.

376 1541 472 1610 Item
497 1547 609 1621 recte,
629 1543 669 1606 ut
689 1559 805 1628 supra,
818 1541 1014 1633 collegium
1027 1543 1124 1636 regis
1136 1528 1309 1615 Werices-

304 1668 357 1737 lai
379 1666 509 1737 artium
535 1662 703 1735 facultati
722 1662 906 1757 obligatur
927 1666 962 1734 in
984 1668 1216 1761 septmgintu
1234 1688 1310 1741 sex·

310 1813 455 1883 agents,
478 1811 562 1879 quas
582 1796 780 1856 numeratas
806 1788 840 1856 ei
862 1789 991 1857 tribuit
1011 1792 1187 1885 magister
1198 1796 1309 1867 Joau.

306 1939 370 1988 nes
396 1914 590 1986 Hussinccz
619 1920 704 1978 tunc
725 1909 879 1981 decanus
897 1924 1098 1987 antecessor
1121 1940 1226 1989 meus
1245 1921 1310 1991 iuu-

255 2062 257 2066 ·
308 2037 481 2109 mediate.
505 2033 588 2124 Ego
609 2052 695 2098 vero
719 2032 863 2102 literam
878 2035 924 2105 de
938 2035 1008 2107 hoc
1027 2039 1237 2119 confectam
1246 2042 1310 2121 lis·

308 2184 352 2232 co
375 2157 527 2253 imposui
553 2155 750 2239 facultatis,
775 2180 867 2247 quae
886 2161 995 2229 etiam
1014 2187 1086 2233 uon
1116 2164 1235 2236 lateat
1255 2168 1310 2237 ul·

298 2287 386 2362 ,lum
407 2286 593 2364 decanum,
608 2289 646 2351 ut
660 2281 760 2365 sciat,
772 2284 915 2372 quando
937 2297 973 2356 et
989 2297 1164 2377 quantum
1174 2313 1196 2360 a
1206 2316 1312 2387 prae·

308 2410 407 2480 dicta
426 2407 600 2480 facultate
627 2407 760 2478 artium
790 2414 943 2482 decanus
971 2414 1148 2505 quilibet·
1163 2414 1312 2512 exigere

311 2534 476 2604 debebit.

354 2658 527 2729 Facultas
561 2656 694 2725 artium
726 2655 910 2749 obligatur
933 2663 1313 2743 nationiBohemicae

312 2779 361 2856 15
383 2804 552 2876 sexagen.
586 2806 700 2877 gross.
727 2805 815 2874 quas
837 2758 1011 2877 imposuit
1042 2788 1134 2863 fisco
1166 2797 1258 2891 (pro
1277 2795 1337 2890 l)·

310 2918 492 2980 structura
519 2919 555 2979 et
579 2918 676 2978 tecto
695 2909 837 2979 lectorii
848 2905 890 3004 *)
908 2913 1169 2992 ordinariorum
1188 2925 1229 2993 iu
1253 2926 1316 2996 de·

310 3042 437 3107 canatu
459 3032 627 3126 magistri
657 3032 827 3123 Procopii
854 3032 898 3100 de
925 3034 1040 3108 Plzna
1061 3063 1161 3114 auno
1186 3047 1316 3126 Domi.

316 3157 352 3225 ui
371 3156 568 3223 millesimo
598 3154 950 3247 quadringentesimo
972 3161 1053 3238 XL.
1072 3178 1255 3253 currente,
1267 3171 1316 3239 ‘iu

307 3286 440 3346 aestate
452 3298 547 3367 mag.
560 3272 611 3366 (ἓ)
640 3278 854 3348 Wenceslao
869 3258 1081 3352 Prachaticz
1099 3285 1314 3380 dispensan-

223 3484 226 3489 ,
309 3406 346 3465 te
365 3397 478 3466 libros
501 3397 548 3487 ”J
574 3400 673 3484 juxta
693 3395 745 3494 (ἓ)
765 3399 911 3468 literam
927 3398 980 3490 (i)
1004 3427 1099 3497 mag.
1127 3405 1318 3505 Borottyu

310 3527 349 3586 et
367 3519 546 3613 Procopio
567 3519 613 3587 de
643 3522 777 3603 Plana,
799 3525 1045 3615 praesentibus
1064 3527 1218 3601 domino
1238 3558 1317 3605 rec·

309 3646 387 3710 tore
414 3641 612 3733 Augustino
633 3643 843 3717 aGlatouia
871 3656 909 3715 et
929 3649 1105 3743 magistro
1133 3651 1317 3727 Buzkoue

311 3761 462 3841 factam.

301 3945 336 4026 ’¹')
357 3956 493 4011 Fortassis
517 3952 689 4016 lectionum.

299 4045 361 4133 *ἢ
380 4056 489 4117 Forsan
507 4051 658 4120 lectiones.
