2714 4740
175 259 249 330 xiv

179 448 363 524 directoris
399 444 610 522 stuhormn
648 448 982 546 philosophicorum
1023 452 1170 547 losephi-
1198 461 1345 529 histonii

109 619 112 625 ,
178 554 330 628 Koehler
350 559 485 647 ,insigni
521 551 781 637 munificentia,
815 556 1138 648 nonnullorumque
1163 561 1342 631 membro·

180 681 263 726 rum
288 662 434 726 suorum
461 665 497 724 et
522 656 673 726 aliorum
697 656 954 725 benevolorum
978 658 1155 727 fautorum
1180 668 1343 753 pecuniis

48 824 51 830 .
178 765 216 827 in
241 754 402 827 medium
428 758 583 843 collatis,
619 765 654 826 et
678 761 765 826 viris
798 779 839 825 ex
864 752 987 827 ordine
1023 780 1086 828 suo
1124 756 1171 828 ad
1195 758 1236 831 id
1262 788 1341 858 spe·

152 892 154 901 s
178 861 313 930 cialiter
340 859 509 944 delectis,
546 855 756 929 documenta
782 857 842 928 illa
866 859 966 949 prelo
992 855 1182 946 mandare,
1216 875 1254 934 et
1277 890 1337 936 no-

172 969 269 1033 mine
296 960 601 1036 Monumentorum
629 958 890 1034 Historicorum
915 957 1172 1038 Universitatis
1196 963 1337 1051 Carolu-

176 1058 432 1159 Ferdinandeae
460 1062 651 1166 Pragensis
674 1068 764 1151 juris
788 1061 925 1155 publici
949 1064 1066 1134 iacere
1089 1060 1264 1142 decrevit.

280 1263 430 1339 Orditur
455 1286 540 1337 vero
568 1289 589 1334 a
614 1261 733 1340 Codice
750 1263 973 1341 Deranorum
1004 1262 1198 1344 Facultatis
1220 1263 1335 1346 Philo·

171 1359 343 1469 sophicae,
368 1361 540 1459 tanquam
565 1367 724 1459 angulari
748 1369 912 1436 historiae
937 1392 1020 1438 suae
1045 1366 1165 1463 lapide
1185 1394 1227 1442 ao
1254 1375 1334 1443 fun·

61 1492 64 1500 ·
171 1466 349 1555 damento,
374 1474 480 1559 cujus
502 1471 654 1538 anterior
679 1493 761 1562 pars
788 1470 960 1561 epocham
986 1479 1065 1540 ante
1090 1472 1329 1546 bellum'Hus-

107 1584 111 1590 '
170 1577 338 1658 sitioum,
362 1575 535 1666 posterior
559 1569 744 1665 reliquum
769 1581 912 1663 tempus
939 1566 985 1640 ad
1011 1569 1123 1653 1585.
1153 1564 1332 1671 compleo}

167 1666 271 1752 titiis.
321 1678 387 1745 Est
418 1675 478 1745 hic
504 1667 653 1765 quidem
677 1672 766 1742 liber
790 1672 1076 1743 membranaceus
1102 1682 1255 1770 partim,
1288 1686 1334 1748 ut

167 1769 251 1870 pag.
277 1780 356 1865 ejus
382 1778 467 1855 132.
492 1776 662 1862 innuitur,
688 1782 767 1844 et'e
793 1779 995 1866 scriptione,
1019 1785 1126 1873 atque
1152 1778 1333 1850 erroribus

167 1872 405 1972 quibusdam,
437 1863 543 1948 doc'to
579 1869 796 1946 decanorum
832 1874 967 1946 calamo
1001 1883 1063 1948 vix
1099 1870 1330 1975 imputandis,

69 2035 72 2045 .
167 1978 285 2075 colligi
311 1988 439 2072 potest,
465 2001 507 2049 ex
532 1982 732 2070 antiquiore
758 1971 879 2049 codice
905 1979 1043 2048 saeculo
1069 1982 1133 2052 XV
1135 2029 1145 2077 .·
1171 1976 1328 2079 descrip-

148 2090 234 2177 tus,
259 2085 392 2176 partim
417 2080 460 2151 ab
485 2085 572 2173 ipsis
585 2074 737 2164 decanis,
760 2081 819 2153 vel
844 2100 968 2151 eorum
991 2093 1086 2151 certe
1106 2088 1221 2171 jussu,
1246 2106 1329 2156 oona

135 2189 343 2281 ,signatum
377 2187 453 2259 223
478 2183 562 2253 folia
588 2188 780 2270 continens,
805 2177 913 2254 hodie
934 2187 973 2253 in
1000 2205 1034 2257 o.
1059 2209 1090 2262 1.
1115 2184 1330 2260 bibliotheca

165 2291 406 2362 universitatis
432 2292 608 2382 Pragenae
632 2280 851 2362 adservatur.
922 2354 925 2361 .

196 2580 199 2585 .
281 2515 448 2588 Continet
475 2522 596 2584 autem
618 2511 774 2608 plurima
796 2515 938 2581 nomina
963 2513 1124 2583 virorum
1148 2509 1211 2581 illo
1236 2520 1325 2583 tem·

165 2633 254 2708 pore
279 2609 379 2684 dorrri
405 2614 564 2705 forisque
592 2616 791 2696 clarorum,
827 2633 969 2681 omnem
995 2605 1259 2706 quodanunodo
1283 2613 1328 2685 ab

165 2735 258 2786 anno
286 2716 398 2790 1367.
424 2708 470 2782 ad
496 2733 611 2807 usque
639 2710 767 2797 1585,
803 2714 911 2806 igitur
938 2735 1003 2806 per
1028 2717 1102 2789 218
1128 2735 1235 2801 annos
1253 2710 1326 2789 'vi-

164 2823 308 2912 gentem
331 2822 370 2886 in
396 2815 564 2886 Bohemia
591 2811 733 2887 doctam
757 2813 1027 2907 rempublicam,
1052 2820 1193 2887 nomina
1219 2810 1323 2913 slepa·

165 2909 318 3005 norum,
343 2922 595 3011 magistrorum
619 2929 702 2991 actu
728 2914 954 3015 regentium,
974 2918 1216 3010 aliorumque,
1252 2941 1326 2991 nou

166 3024 288 3090 minus
297 3020 697 3113 quambaocalariorum
707 3031 742 3091 et
755 3016 1028 3107 licentiatorum,
1037 3041 1102 3115 per
1115 3043 1235 3106 annos,
1246 3027 1327 3115 qui·‚

164 3122 232 3199 bus
243 3122 552 3217 promovebantur,
570 3119 835 3219 dispositorum,
852 3127 912 3208 ita,
928 3127 971 3191 ut
988 3125 1027 3192 in
1046 3126 1143 3191 omni
1159 3126 1322 3201 tuncBo-

164 3225 303 3312 hemia,
332 3232 443 3297 immo
468 3235 548 3296 ante
574 3249 708 3298 anuum
733 3226 870 3313 1409„
906 3244 980 3318 quo
1005 3217 1186 3317 studentes
1211 3234 1325 3309 extr&

165 3329 225 3404 nei
259 3349 439 3407 unacum
463 3333 636 3423 magistris
665 3331 736 3399 suls
761 3319 911 3419 Pragam
946 3320 1135 3396 deseruere
1146 3375 1174 3413 „
1194 3346 1325 3424 magna

165 3433 333 3522 Europae
356 3430 535 3501 orientalis
555 3425 894 3525 septemtrionalisve
917 3436 1028 3521 parte,
1052 3430 1113 3494 vix
1137 3446 1253 3515 unum
1278 3436 1326 3499 sit

165 3551 294 3601 nomen
319 3529 538 3603 literatorum
566 3533 702 3620 clarius,
730 3522 829 3625 quod
859 3534 898 3599 in
923 3534 1001 3618 eJus
1018 3533 1156 3623 paginis
1183 3536 1327 3627 oonsigq

98 3628 123 3675 ’¹
166 3640 292 3702 natum
311 3625 398 3715 ,non
423 3639 632 3727 reperiatur.
686 3634 850 3708 Continet
885 3638 1065 3723 praeterea
1101 3625 1212 3701 codex
1238 3657 1320 3705 nos·

18 3718 43 3779 *³
166 3743 223 3824 tet
248 3735 425 3807 facultatis
458 3738 548 3829 phil.
571 3743 703 3804 statuta
723 3736 984 3824 antiquissima,
1011 3733 1184 3825 equibus
1209 3757 1323 3807 mem·

166 3830 312 3907 brorum
329 3838 550 3933 singulorum
567 3860 676 3908 nexus
700 3847 735 3905 et
751 3836 878 3919 officia,
904 3828 1064 3903 discendi
1087 3855 1129 3905 eo
1148 3844 1322 3931 tempore,

170 3961 211 4008 ac
236 3934 388 4021 docendi
400 3938 508 4027 ²ratio,
534 3945 719 4034 omnisque
743 3943 796 4008 rei
804 3935 976 4006 literariae
994 3946 1103 4006 status
1120 3939 1211 4025 clare
1238 3961 1321 4034 cog·

169 4047 325 4115 noscitur
334 4062 358 4144 ς·
384 4049 540 4116 continet
563 4064 684 4115 rerum
710 4049 886 4141 gestarum
912 4048 1179 4134 eventuumque
1204 4047 1320 4119 uario·
