2714 4740
1145 223 1189 293 ts

234 407 341 501 ltern
358 411 485 505 eodem
505 429 598 479 anno
619 406 730 485 1357·
750 410 811 486 20.
825 408 885 481 dic
902 414 1032 487 mensis
1048 416 1192 514 Aprilis

138 541 181 613 in
204 535 324 633 plena
344 543 625 635 congregatione
644 542 825 615 facultatis
847 542 1012 635 magistri
1033 542 1193 629 consida-

142 672 270 735 untes
281 715 294 752 ,
319 666 418 756 quod
438 666 570 767 multae
590 664 870 737 inordinationes
891 675 928 735 et
947 666 1193 736 deformitates

139 778 286 857 timent
301 809 370 879 per
385 789 690 881 pronuntiatores,
713 789 872 889 etmulti
892 811 1038 870 errores,
1055 810 1100 856 ex
1119 786 1195 877 qui-

142 909 216 977 bus
239 905 463 978 studentibus
485 910 524 976 in
550 909 685 979 artibus
710 931 877 1001 magnum
907 909 1135 1001 dispendium
1158 914 1195 975 et
1274 898 1279 907 ’

144 1032 220 1105 toti
237 1029 412 1114 facultati,
426 1031 498 1101 imo
516 1031 740 1121 universitati
759 1053 868 1124 grave
888 1031 1093 1119 scandalum
1112 1052 1195 1122 pos·

144 1153 380 1241 retexeriri3
399 1166 483 1224 nam
502 1154 615 1244 quivis
634 1144 807 1223 scholaris
828 1155 1080 1247 pronuntiavit,
1096 1154 1195 1243 quid·

144 1274 237 1370 qnid
259 1278 306 1344 'et
335 1276 614 1367 quandocunque
643 1276 775 1359 voluit,
807 1279 956 1370 propria
979 1279 1196 1360 temeritate,

146 1408 187 1469 et
209 1396 352 1493 scripta
374 1400 585 1484 incorrecta,
613 1406 650 1468 ct
667 1399 791 1490 ignota
811 1386 939 1474 multos
959 1424 1096 1473 errores
1112 1425 1198 1473 con·
1246 1394 1252 1403 ’

144 1522 305 1629 tinentia
323 1523 455 1592 dabant
475 1525 521 1593 ad
543 1544 717 1627 pennam,
742 1522 822 1616 ipsa
849 1528 1056 1597 reverendis
1085 1531 1199 1620 magi-

145 1644 236 1721 stris
251 1645 346 1715 false
368 1636 626 1732 adscribendo,
650 1657 689 1719 ut
710 1655 811 1717 tanto
832 1649 953 1742 plures
981 1652 1051 1719 sibi
1075 1651 1200 1719 allice·

146 1779 232 1844 ruet
250 1780 583 1862 repraesentantes3
611 1769 762 1840 facultas
783 1795 870 1864 ergo
889 1775 1036 1869 cupiens
1055 1777 1201 1851 illorum

147 1897 459 1995 pronumtiatorum
482 1897 708 1999 temerariam
730 1895 934 1968 abusionem
965 1902 1200 1993 supprime-ra,

149 2000 197 2091 et·
210 2020 363 2093 utilitati
385 2018 600 2091 studentium
621 2016 785 2088 fideliter
808 2020 1025 2113 providere,
1060 2032 1199 2093 matura

151 2139 418 2219 deliberatione
438 2141 663 2235 praehabita,
675 2151 711 2209 et
723 2141 878 2213 unanimi
894 2165 1063 2213 consensu
1072 2154 1200 2214 statue·

150 2272 264 2352 runt,
295 2266 392 2356 qnod
417 2266 532 2357 quivis
543 2267 794 2356 magistrorum
813 2263 948 2355 poterit
978 2286 1085 2356 super
1117 2288 1201 2354 quo·

152 2389 251 2458 libet
271 2389 367 2460 libro
383 2389 430 2458 de
459 2388 630 2457 facultate
653 2385 784 2454 artium
803 2385 953 2476 propria
978 2380 1075 2453 dicta
1102 2385 1201 2466 dare,

156 2529 228 2602 per
247 2530 287 2576 se
302 2511 362 2577 vel
378 2509 565 2601 paralium
582 2505 854 2601 pronuntiando,
866 2505 1069 2598 poteritque
1087 2505 1205 2598 scrip·.

159 2641 196 2698 ta
221 2639 260 2697 et
285 2629 384 2699 dicta
405 2630 556 2699 aliorum
586 2652 653 2722 per
677 2650 721 2705 se,
748 2629 808 2695 vel
831 2649 897 2718 per
916 2625 1025 2695 alium
1047 2605 1204 2720 pronun·

160 2751 271 2835 tiare,
306 2752 496 2826 dummodo
509 2751 586 2833 ,sint
606 2751 651 2818 ab
675 2750 795 2839 aliquo
815 2751 874 2818 vel
896 2747 1072 2840 aliquibus
1093 2751 1206 2821 farno·

165 2897 201 2953 so
221 2872 281 2940 vel
297 2871 445 2942 famosis
467 2873 512 2941 de
534 2872 765 2945 universitate
786 2871 972 2964 Pragensi,
1000 2875 1207 2957 Parisiensi,

166 2995 223 3091 vel
257 2992 450 3066 oxoniensi
476 2997 649 3088 magistro
690 2994 749 3064 vel
778 2995 959 3087 magistris
993 2998 1198 3090 compilata,

170 3125 205 3187 ct
226 3115 414 3189 dummodo
434 3119 503 3188 ista
519 3128 623 3188 antea
642 3115 808 3187 fideliter
827 3117 1023 3189 correxerit
1033 3168 1044 3206 ‚
1071 3127 1108 3186 et
1123 3142 1207 3210 pro·

106 3246 109 3283 ³
173 3238 399 3310 nuntiatorem
423 3240 626 3327 assumserit
648 3239 813 3311 idoneum
834 3247 872 3305 et
889 3238 1077 3308 valentem.
1116 3239 1207 3324 Bac·

164 3357 291 3445 ¹saluii
308 3382 414 3457 super
434 3363 546 3432 libros
566 3362 774 3432 Aristotelis
808 3370 844 3431 et
866 3360 956 3431 alios
975 3361 1088 3431 libros
1108 3363 1207 3434 ditii-

180 3488 257 3558 ciles
276 3491 424 3585 propria
445 3489 543 3557 dicta
568 3488 672 3576 dare,
708 3487 768 3554 vel
796 3485 1026 3579 pronuntiare
1052 3509 1123 3555 non
1145 3485 1206 3553 de·

181 3611 320 3697 bebuut,
355 3612 454 3691 dicta
474 3622 594 3680 tamen
617 3610 767 3679 aliorum
794 3607 1043 3700 magistrorum
1072 3608 1117 3676 de
1139 3608 1209 3681 ista

182 3734 426 3820 universitate„
453 3735 512 3804 vel
536 3732 687 3804 aliorum
711 3732 756 3800 de
788 3731 1078 3800 universitatibus
1108 3732 1211 3799 Pari·

182 3860 277 3929 riensi
299 3860 464 3942 scilicet,
490 3857 551 3927 vel
583 3853 778 3926 Osoniensi
801 3852 1015 3923 famosorum
1036 3852 1122 3927 dare
1144 3875 1209 3948 po·

180 3991 301 4069 terunt,
328 4000 400 4051 non
425 3979 568 4071 quiden
597 4001 663 4072 per
696 3978 787 4046 ulios
815 3975 880 4044 sed
902 3997 969 4067 per
998 3977 1209 4066 semetipsos

178 4102 449 4200 amnuntiando,
484 4099 673 4173 dummodo
693 4107 812 4185 minen
830 4097 1026 4177 decanum,
1054 4097 1114 4185 qui
1141 4115 1211 4187 pro
1326 4167 1331 4179 ,

177 4237 250 4301 tunc
272 4220 709 4320 fuerinpraerequirant,
758 4230 798 4292 ut
826 4216 895 4290 ista
918 4218 1116 4290 committat
1142 4215 1209 4286 ali
