2714 4740
1098 214 1163 283 ¹27

133 410 284 500 'adusque
304 409 440 478 exitum
450 404 665 487 certaminis,
682 403 839 493 quilibet
861 404 1002 498 insigne
1016 429 1087 477 non
1100 407 1164 479 sub

143 533 247 626 pallio,
266 540 304 601 at
318 528 528 599 in-hunreris
543 526 707 612 deferat3
733 526 842 595 aliter
861 538 988 612 autem,
1005 530 1065 598 uel
1082 530 1164 611 abs·

146 677 195 745 que
218 653 349 745 insigni
380 648 620 743 deprehensus
646 647 780 719 duobus
810 648 945 741 grossis
975 650 1068 721 albis
1097 675 1166 748 per

150 775 295 845 decanum
315 773 529 867 privabitur.

218 892 444 980 Dispensatio,
454 892 510 976 qui
521 907 593 952 non
604 886 799 975 audiverint
811 905 921 954 omnss
932 885 995 983 lib.
1019 885 1170 959 fol.122‚

217 995 352 1078 Electio
372 999 632 1058 examinatorum
650 992 794 1060 habetur
812 988 875 1059 iol.
892 993 946 1064 88.
961 996 1037 1078 (ser.
1055 994 1150 1086 add.)

247 1135 249 1139 V
276 1147 485 1253 Subscriotu
510 1167 723 1228 concernunt
747 1155 1024 1233 examinatores.
1101 1201 1107 1219 ·

222 1297 390 1368 Facultas
410 1270 529 1391 gratia
542 1296 640 1367 illius
653 1299 862 1369 ostensionis
880 1311 1102 1395 congregata
1111 1303 1174 1375 de-

153 1416 198 1487 bet
214 1421 395 1491 admoneri
422 1444 488 1512 per
514 1418 685 1489 decanum
701 1445 770 1513 pro
797 1422 1002 1514 deligendis
1027 1436 1175 1513 quatuor

154 1543 308 1635 magistris
333 1543 632 1611 examinatoribus
657 1541 793 1611 decano
810 1543 1061 1637 adjungendis,
1079 1542 1115 1619 et
1132 1547 1175 1617 hi

155 1659 240 1730 electi
256 1642 339 1732 inox
356 1662 520 1762 facultati
541 1663 828 1756 promittentes
848 1666 955 1780 vellis,
968 1668 1088 1759 gratia
1110 1666 1177 1739 ho·

155 1784 227 1852 noris
242 1795 277 1854 et
296 1787 383 1854 boni
399 1786 641 1855 universitatis
660 1785 824 1854 fideliter
850 1787 1062 1872 examinare,
1079 1793 1177 1876 juste

156 1905 383 1975 examinandos
402 1907 593 1999 suscipere,
606 1914 785 1999 susceptos
806 1906 920 1999 digne
936 1908 1068 1994 locare,
1079 1933 1179 1983 amo·

155 2042 194 2105 re,
204 2025 289 2109 odio,
301 2028 478 2119 precibus,
489 2027 688 2096 muneribus
707 2026 816 2118 longe
834 2029 1178 2113 oricandensium

156 2143 280 2220 folmu.
304 2149 403 2241 (pag.
418 2148 520 2236 114.)
541 2146 706 2217 habetur·
735 2151 895 2218 Decanus
914 2172 1050 2241 quoque
1071 2151 1181 2219 debet

157 2270 268 2338 seniori
284 2274 507 2364 promittere,
527 2271 596 2339 fol.
619 2269 683 2344 34.
706 2270 810 2362 (pag.
836 2269 939 2357 117).

233 2375 348 2466 Series
363 2399 549 2463 examinis.
578 2393 765 2486 Principio
787 2394 952 2495 invoeaia
964 2391 1086 2461 divino
1099 2414 1183 2483 ope,

162 2526 361 2594 examinandi
394 2533 560 2614 tempora
585 2519 877 2609 lintitulationum
909 2527 948 2585 et
982 2515 1180 2584 lectionum

163 2639 192 2707 in
212 2649 345 2716 curtulis
371 2645 517 2715 seorsim
543 2666 665 2712 omnes
685 2640 883 2722 ostendent,
902 2640 973 2734 nbi]
993 2640 1031 2707 in
1061 2626 1182 2710 ortdo-

161 2759 286 2865 grapbr'a
298 2767 549 2862 probabuntur,
564 2773 796 2851 errantesque.
806 2762 1102 2852 castigabuntur.i
1120 2760 1184 2828 Se·

166 2894 262 2975 quenti
273 2893 331 2959 die
345 2901 525 2959 tentamen
544 2890 581 2956 in
597 2891 837 2989 grammatica
857 2889 1016 2957 ordietur
1036 2888 1074 2953 in
1091 2887 1185 2963 hune

112 3020 115 3089 ξ
167 3014 301 3085 modum}
317 3015 478 3103 Quilibet
489 3013 704 3082 studentium
717 3034 819 3080 unam
834 3010 958 3080 horam
966 3033 1021 3079 res
1024 3013 1186 3104 ponderi·

112 3164 115 3221 ἰ
168 3125 203 3196 do
216 3137 405 3218 sustinebit,
417 3135 468 3201 ita
485 3146 614 3216 tamen,
630 3141 667 3202 ut
680 3133 834 3201 decanos
847 3132 1185 3226 interrogationibus

169 3253 295 3325 mediam
319 3268 462 3350 partem
478 3254 601 3339 horae,
628 3255 693 3323 alii
716 3264 860 3341 quatuor
878 3255 1042 3353 magistri
1064 3252 1187 3350 dispu-

123 3376 134 3415 '·
170 3375 334 3450 titionibus
359 3382 512 3448 alteram
535 3389 677 3472 partem
698 3377 809 3445 horae
831 3386 1026 3446 conterant.
1074 3374 1118 3443 In
1138 3369 1188 3447 l·
1294 3384 1297 3390 ’

168 3494 233 3593 giso
260 3503 371 3578 veteri
406 3504 586 3576 similiter,
638 3502 682 3568 ln
712 3523 805 3574 noua
836 3509 955 3572 autem
984 3493 1116 3600 logica,
1150 3501 1190 3571 in

168 3611 315 3721 pipinis,
353 3625 519 3696 inlibris
553 3621 593 3696 de
622 3625 740 3696 anima
777 3623 948 3690 medietas
982 3621 1093 3692 horae
1130 3624 1189 3691 uni

172 3737 581 3838 dubitur,cuj1uspartern
605 3770 709 3815 unam
741 3749 892 3814 decanus
919 3741 1187 3833 interrogando,

173 3857 301 3939 disum
324 3871 389 3939 alii
417 3871 582 3961 magistri
607 3869 822 3960 disputando
858 3869 1092 3960 occupabunt,
1146 3865 1191 3936 ln

174 3987 348 4071 {rumulo
377 3994 525 4069 tandem
553 3987 720 4096 ⁶tpl’utrne
744 4015 866 4061 omnes
890 4005 972 4057 ante
1000 3993 1190 4086 prandium
1286 3973 1289 3978 Ι
