2700 4732
107 250 222 319 Rubr.
246 248 289 315 X
838 191 843 203 ⁸
1018 220 1022 233 ί
1061 249 1124 319 123

60 447 161 519 utile
182 469 250 539 pro
272 442 367 548 bono
390 438 644 543 uniuersitatis.
698 441 767 528 Qui
796 446 913 511 autem
938 449 1016 525 nott
1040 440 1122 511 loca
1231 460 1233 463 ·

59 572 104 639 in
127 543 242 640 basis
267 586 338 632 non
356 558 532 628 habentes
554 568 591 627 et
609 534 681 628 sint
701 582 812 644 aeone,
834 536 892 631 ut
896 540 1002 654 cupra
1029 556 1121 630 dici·

59 692 149 774 tur.‚'
180 688 380 766 facientes,
420 681 550 759 talibus
589 705 657 752 nec
704 684 787 753 loca
822 683 1093 754 succedentia
1082 707 1120 753 ιιι

58 813 183 887 bursis
195 808 435 879 conferantur.
483 804 701 877 Praesertim
718 828 806 897 ergo
827 816 864 874 et
883 806 1113 898 singulariter
1229 807 1233 820 '

58 933 230 1005 omnibus
251 929 360 997 aliter·
378 949 494 1015 quam,
514 935 552 997 ut
580 933 634 993 est
657 936 899 1018 expressaturn
923 949 1119 1018 supra,
1063 927 1119 995 fa

59 1051 272 1146 cientibus
258 1071 336 1136 Jure
368 1056 406 1114 et
431 1046 628 1139 privilegio
649 1056 860 1114 statutorum
883 1048 1119 1139 praedicitur,

59 1172 162 1263 qood
192 1181 354 1262 ternpore
374 1167 441 1236 illo
469 1167 514 1235 ad
533 1164 712 1258 graduum
734 1168 903 1238 altiorum
921 1171 1119 1262 susceptio·

59 1315 147 1369 uem
167 1291 368 1361 nullatenus
389 1290 640 1372 admittentur,
670 1292 733 1361 sed
760 1313 870 1381 aeque
895 1295 986 1361 bene
1017 1301 1115 1361 tene·

59 1416 194 1489 brortur
216 1413 389 1482 lectiones
413 1399 559 1482 easdem
578 1395 856 1487 discontinuatas
881 1423 917 1482 et
941 1413 1116 1495 exercitia
1240 1423 1242 1427 ’

61 1546 279 1632 praenotata
301 1535 463 1623 totaliter
482 1534 658 1621 reaudire,
680 1537 711 1604 si
730 1536 1015 1630 promotionibus
1038 1535 1115 1607 uni·

60 1657 240 1731 versitatis
260 1658 440 1732 voluerint
460 1657 633 1750 gaudere
673 1661 808 1741 Datum
829 1667 1030 1763 rectoratus
1049 1659 1112 1730 cub
1166 1678 1171 1704 ι

62 1783 207 1880 sigillo.
1080 1830 1113 1843 ι.

175 1903 257 1981 Itta
281 1902 391 1982 litera
417 1899 518 1982 debet
535 1905 744 2011 frequenter
773 1899 858 2005 appl
854 1904 945 1979 icart
936 1896 1115 2006 publice,

62 2028 160 2107 sicut
176 2031 300 2110 aliae
285 2033 524 2109 mtiruationes
545 2028 666 2109 decani
684 2045 750 2106 aut
767 2029 933 2108 rectoris
