2714 4740
259 174 301 247 64
491 136 494 145 Ι
719 110 727 121 ·
1081 165 1193 237 liubr.
1211 162 1268 235 lv.
1314 134 1319 140 Ι

261 369 351 439 dire.
403 367 568 455 Quilibet
590 367 727 444 autem,
753 358 813 450 qui
834 383 902 453 per
918 381 977 446 se»,
1005 370 1066 434 aut
1100 386 1169 457 per
1200 360 1317 433 alium

249 467 458 582 disputare,
498 497 537 558 ut
575 464 841 577 praemittitur,
881 484 1106 575 neglexerit,
1155 494 1323 577 poenum=

261 624 343 684 octo
382 624 584 705 grossorum·
617 604 784 674 facultati
813 604 1069 676 solvendorum
1100 628 1138 675 se
1169 605 1307 675 noverit

261 736 497 813 incursurum,
535 726 724 796 dummodo
754 726 916 818 ribi-per
948 726 1124 795 bidelium
1160 726 1300 796 faculta-
1352 790 1355 819 ἑ

215 938 217 942 Ι
262 856 329 938 tis,
356 862 439 924 ante
462 857 598 921 sextam
622 828 776 931 feriam,
806 847 834 914 ri
854 846 1053 940 disputatio
1081 847 1215 918 debeat
1235 868 1295 936 erm
1352 832 1355 869 ²

263 977 301 1044 in
329 974 504 1054 sabbato,
532 978 589 1037 aut
620 977 704 1036 ante
738 969 895 1056 quintam
917 968 1065 1052 feriam,
1093 969 1122 1037 si
1153 969 1295 1061 disputa·

262 1098 315 1164 tio
349 1094 480 1163 debeat
506 1113 580 1159 ease
605 1091 642 1158 in
675 1098 774 1157 sexta
805 1088 919 1173 feria,
946 1091 1060 1160 etsie
1096 1112 1296 1181 consequeu-

262 1225 328 1283 ter·
342 1213 449 1282 fuerit
472 1211 695 1292 intimatum,
722 1215 759 1276 et
789 1207 836 1275 ad
867 1207 935 1278 hoo
957 1210 1161 1281 faciendum
1191 1204 1300 1281 bidus

162 1404 164 1411 ,
263 1340 318 1410 lus
337 1333 521 1404 facultatis
544 1331 747 1426 praedictus
771 1328 954 1422 obligatur
988 1335 1053 1403 sub
1077 1355 1197 1426 poena
1224 1352 1301 1423 qut·

262 1471 342 1532 tuor
369 1478 571 1552 grossorum
604 1451 677 1525 sibi
709 1450 1003 1524 defalcandorum
1028 1455 1065 1525 in
1079 1495 1080 1498 =
1095 1475 1155 1529 suro
1175 1452 1304 1525 salario

263 1580 323 1650 vel
346 1572 515 1651 collecta.
759 1578 761 1584 ’

770 1722 811 1801 2.
1115 1786 1118 1791 .

470 1856 528 1936 Dr
551 1854 652 1934 modo
678 1854 882 1959 osporaoas
907 1854 1099 1937 ordinarie.

356 2004 451 2075 Item
471 2003 533 2079 24.
554 2005 614 2074 die
642 2007 770 2076 mensis
799 2006 961 2080 Januarii
995 2007 1200 2079 conclusum
1229 2006 1311 2095 fuit,

193 2137 195 2142 '
264 2128 358 2223 quod
388 2128 434 2196 de
467 2127 805 2229 ceteropdisputatio
827 2128 1009 2199 ordinaria
1026 2131 1225 2200 continuari
1249 2131 1312 2201 dc·

261 2255 476 2340 beatusque
500 2250 546 2319 ad
563 2247 689 2319 horam
714 2273 958 2343 vesperorum,
986 2259 1022 2319 et
1054 2249 1150 2341 quod
1168 2252 1313 2346 sophis·

260 2385 354 2445 mata
380 2397 447 2465 per
480 2372 744 2465 praesidentem
777 2395 848 2441 non
897 2373 1151 2442 distribuantur
1190 2374 1312 2467 plura,

260 2518 366 2587 quam
404 2494 493 2577 tria,
530 2515 596 2561 nec
630 2493 765 2564 habere
796 2494 906 2564 debet
948 2494 1068 2587 plures
1114 2493 1309 2587 sophistas,

262 2592 366 2707 quam
388 2637 529 2699 novem,
555 2617 604 2683 ita
627 2616 724 2708 quod
747 2617 795 2685 ad
815 2616 1004 2706 quodlibet
1020 2613 1205 2709 sophisma
1229 2640 1314 2711 pur·

135 2799 138 2806 ,
260 2738 332 2808 rint
361 2757 436 2806 esse
466 2746 560 2821 tres,
593 2760 677 2808 unus
711 2739 943 2810 concedendo
951 2787 963 2823 ,
996 2740 1088 2807 alter
1125 2738 1338 2830 negando,.

260 2859 386 2932 tertius
406 2859 616 2936 dubitando.

767 3006 806 3081 8.

265 3149 443 3261 Quomodo
467 3150 639 3256 magister
664 3162 833 3249 apparere
858 3139 956 3223 debet
980 3146 1019 3224 ior
1052 3143 1310 3253 disputationi·¹

404 3266 407 3273 ’
541 3267 605 3351 bus
631 3287 667 3347 ot
692 3273 729 3347 in
755 3268 837 3349 aliis
862 3264 1012 3348 actibus.

355 3419 449 3489 Item
483 3420 519 3487 in
539 3420 650 3512 plena
671 3418 951 3510 congregatione
979 3418 1232 3510 magistrorum
1262 3419 1312 3489 do

264 3542 417 3613 concilio
448 3539 632 3609 facultatis
668 3539 796 3611 artium
827 3541 1031 3609 conclusum
1063 3555 1101 3609 et
1140 3550 1312 3612 statutum

263 3664 349 3746 fuit,
386 3660 480 3752 quod
510 3661 547 3728 in
578 3661 817 3754 disputatione
842 3661 1047 3744 ordinaria,
1073 3664 1114 3732 in
1146 3663 1312 3760 disputa·

261 3784 358 3851 tione
388 3780 435 3849 de
467 3779 651 3870 quolibet,
677 3781 715 3849 in
754 3782 1101 3853 recommendatione
1143 3783 1312 3856 licentia·

262 3913 379 3973 torum
391 3951 402 3984 ,
428 3902 523 3971 etin
554 3903 778 3996 promotione
800 3902 947 3990 alicujus
970 3905 1016 3974 ad
1048 3890 1312 3997 magisterium,

262 4024 377 4099 nullus·
403 4025 652 4116 magistrorum
676 4024 784 4093 debet
809 4026 941 4094 intrare
971 4024 1112 4097 scholar
1143 4029 1224 4096 sine
1245 4029 1309 4097 ha·
