2714 4740
257 166 308 231 oni
889 154 892 161 ⁴
1072 156 1177 229 llubr.
1202 158 1264 233 ll.

261 380 331 431 non
351 355 598 453 disputaverit,
624 372 690 422 nec
709 352 918 444 disputavit,
939 359 1130 444 antequam
1147 377 1225 429 eum
1247 380 1315 435 ore

260 483 307 552 do
342 481 491 572 tetigit,
535 498 600 547 nec
641 494 794 569 poenam
833 474 935 544 dedit
973 474 1076 550 infra
1121 470 1308 575 scriptam,

260 600 399 693 quando
427 600 517 672 ordo
539 624 616 671 eum
649 580 774 692 tetigit
788 650 798 682 ,
832 608 869 668 et
896 595 953 683 illi
976 600 1165 697 injungere
1189 612 1298 676 tem.

226 720 230 727 ’
260 733 341 804 tur,
369 722 424 790 in‘
442 721 567 791 eadem
590 714 893 814 congregatione,
920 724 951 792 si
979 744 1147 817 praesens
1189 702 1293 807 suerit,

259 844 355 936 quod
388 844 502 937 tertia·
524 845 583 913 die
613 845 775 915 «Ianuarii
813 845 977 939 proxime
1007 858 1092 921 tunc
1115 850 1249 949 lutura,
1268 842 1307 941 ti,

253 966 415 1037 'celebris
435 990 506 1036 non
525 966 657 1055 fuerit,
685 969 773 1039 alias
799 970 963 1063 proxime
982 968 1145 1063 sequenti
1164 998 1234 1047 nou
1251 974 1293 1045 le·

259 1091 386 1175 stiva,
424 1091 576 1185 incipiat
613 1095 795 1188 disputare
829 1092 876 1161 de
911 1092 1073 1185 quolibet
1091 1094 1172 1183 „81
1203 1094 1296 1169 illan

260 1219 545 1314 disputationem
574 1220 672 1305 juxta
704 1237 841 1287 morem
879 1225 1085 1289 conruettnn
1128 1220 1299 1291 continuat

201 1416 204 1421 ⁴
261 1338 459 1434 diligenter
486 1340 634 1435 singulis
655 1339 834 1430 magistris
860 1340 907 1409 de
935 1338 1110 1411 facultate
1143 1360 1301 1441 praeueuff

260 1463 352 1536 tibus
376 1465 418 1559 in
431 1458 573 1548 studio,
599 1464 822 1552 quaestiones
853 1485 922 1556 per
948 1472 1023 1534 tres
1064 1464 1126 1567 vel
1163 1472 1303 1555 quotuor

262 1587 340 1655 dies
362 1596 444 1656 ante
468 1587 611 1654 initium
641 1606 722 1654 suae
752 1579 1001 1677 disputationis
1024 1586 1244 1680 inscripto,
1267 1591 1304 1655 ut

262 1717 464 1799 consuetum
484 1718 546 1792 est,
576 1706 791 1799 dirigendo3
819 1707 848 1775 ai
879 1724 962 1777 vero
992 1707 1167 1801 magister
1190 1710 1303 1779 senior

262 1830 389 1898 absens
410 1828 518 1896 fuerit
544 1829 619 1897 sine
651 1829 859 1898 rationabili
892 1850 1012 1913 causa,
1039 1849 1105 1898 nec
1140 1849 1308 1923 procuro⁴

263 1963 381 2020 torem
402 1949 566 2018 idoneum
587 1974 693 2019 unum
709 1951 921 2043 magistrum
946 1952 984 2019 in
1005 1950 1209 2038 hujusmodi
1230 1974 1309 2023 con·

217 2162 220 2177 Ι
263 2073 476 2167 gregatione
503 2069 689 2158 habuerit,
726 2074 785 2163 qui
815 2073 959 2141 nominc
991 2071 1102 2165 ipsius
1130 2081 1310 2169 acceptet,

265 2197 341 2294 aive
372 2200 528 2281 assumat¹
550 2218 632 2264 onus
662 2190 869 2288 disputandi
897 2195 1111 2283 injunctum,
1148 2204 1187 2267 ut
1211 2216 1313 2291 prae·

264 2325 429 2405 mittitur,
457 2326 507 2392 sit
528 2326 780 2394 condemnatus
801 2325 838 2391 in
859 2347 975 2416 poena
990 2331 1139 2413 quatuor
1159 2322 1314 2393 floreno·

266 2468 345 2512 rum
363 2447 537 2514 bonorum
567 2447 733 2515 facultati
757 2445 1007 2543 solvendorum
1023 2494 1034 2532 ,
1051 2446 1099 2515 'in
1118 2447 1228 2539 certia
1243 2454 1315 2517 ter·

268 2566 374 2635 minis
400 2567 463 2637 sub
501 2568 627 2660 poenis
651 2567 746 2637 infra
780 2569 947 2661 scriptis,
974 2571 1042 2638 nisi
1065 2570 1164 2663 priua
1194 2568 1233 2638 in
1257 2592 1315 2639 eo·

266 2690 351 2758 ‹lem
382 2688 521 2773 ordine,
543 2699 733 2780 antequam
766 2715 845 2761 eum
867 2692 1033 2783 tetigerit
1061 2690 1162 2779 ordo,
1193 2690 1334 2786 diapu«

265 2820 395 2897 tasset,
422 2819 483 2881 aut
508 2814 605 2905 prius
626 2814 662 2881 in
695 2786 823 2883 eodem
854 2808 981 2883 ordine
1013 2834 1168 2905 poenam
1189 2814 1316 2885 aoluin

263 2946 335 3008 net.
389 2934 430 3003 Si
453 2956 536 3004 vero
557 2938 728 3029 magister
749 2936 832 3004 talis
857 2937 973 3005 senior
1002 2957 1172 3028 praesens
1196 2934 1317 3019 faerit,

268 3066 459 3152 acceptare
492 3066 651 3128 teneatur
677 3065 760 3126 ante
791 3058 876 3128 solis
902 3080 1086 3140 occasum,
1111 3056 1176 3127 sub
1200 3080 1317 3152 poena

266 3182 342 3268 jam
377 3181 589 3270 praemissa,
617 3176 698 3248 &ei
721 3180 807 3266 iate,
844 3178 906 3268 qui
927 3180 1045 3249 senior
1074 3200 1246 3273 praesens
1264 3180 1317 3249 in·

270 3311 394 3372 uentus
417 3301 545 3383 fuerit,
571 3307 655 3368 ante
675 3301 761 3368 solis
783 3323 944 3371 occasum
969 3324 1040 3371 non
1058 3302 1316 3394 acceptaverit,

270 3446 315 3498 ex
335 3432 418 3496 tunc
440 3422 594 3492 decanus
616 3422 665 3492 ad
684 3422 909 3514 proximum,
935 3426 1025 3494 sicut
1044 3424 1235 3501 commode
1252 3448 1318 3519 po·

269 3548 379 3632 terit,
409 3545 519 3616 iaciat
551 3572 679 3618 novam
711 3522 1030 3641 congregationem
1052 3546 1100 3615 ad
1134 3546 1255 3633 idem,
1281 3548 1320 3619 ul

271 3699 397 3770 supra,
426 3674 640 3765 &injungat
664 3673 796 3742 seniori
816 3681 898 3765 post
917 3672 1040 3754 illum,
1067 3670 1127 3761 qui
1160 3693 1236 3741 non
1262 3696 1318 3743 aaa

271 3798 456 3893 ceptavit,
486 3797 547 3868 sub
578 3793 719 3891 eadem¹
727 3816 862 3886 poena,
888 3791 1148 3881 &hujumodi
1167 3814 1319 3887 congre·

271 3923 437 4016 gationee
455 3914 489 3987 8t
509 3915 748 4003 injunctiones
771 3915 975 3997 continuet,
992 3914 1107 3984 donec
1133 3911 1319 4007 disputare

275 4044 401 4115 volens
431 4039 619 4113 habeatur,
676 4037 715 4105 si
746 4059 829 4104 vero
863 4058 1029 4130 praesens
1052 4036 1229 4127 magister
1258 4034 1317 4102 vel
