2714 4740
150 225 213 290 100
328 300 334 311 ,
1058 252 1113 327 ζ.

179 416 432 502 Decanosus
453 428 572 522 ωας.
596 407 782 494 Joanno's
802 402 1163 495 Morienwerde'n

149 555 282 689 Anno
307 602 454 674 Domini
484 600 598 680 1374.
627 600 688 671 16.
723 600 783 669 die
819 596 961 693 Aprilis
988 595 1050 666 Jo.
1083 595 1205 693 meon,

29 811 34 823 ι
149 724 433 800 Marienwerder
454 746 547 814 mag.
569 722 606 793 in
627 722 759 791 artibus
776 719 911 791 electus
950 717 1005 787 fui
1030 717 1076 812 'iti
1100 698 1205 887 deos-p

150 878 233 924 num
257 850 442 919 facultatis
460 853 602 937 artium,
621 846 738 936 juravi
762 845 826 918 tro.
883 871 892 882 ’

246 979 350 1045 Anno
363 973 486 1042 eodem
497 974 673 1066 invigilia
689 981 912 1067 pentecostes
934 969 1076 1040 fuerunt
1094 966 1199 1038 eleon

154 1110 192 1175 in
216 1103 474 1173 examinatores
499 1097 857 1169 baccalariandorum
876 1099 1050 1195 magister
1062 1082 1201 1177 Meno}

128 1229 248 1320 mag.
276 1223 585 1306 Bartholomaeus,
614 1233 651 1290 et
672 1247 766 1316 mag.
788 1224 980 1305 Sanderus,'
999 1225 1036 1288 et
1057 1214 1202 1288 suerum

72 1363 80 1382 ⁸
153 1351 297 1423 admissi
312 1346 555 1443 pereosfacto
574 1352 737 1418 examine
759 1348 941 1420 subnotati
961 1346 1036 1416 hoo
1054 1344 1203 1443 ordine:

157 1478 373 1570 Henningus
407 1471 592 1556 Mendorf,
616 1472 793 1546 Henrieus
825 1474 1026 1578 Hofenner,
1055 1468 1205 1543 Alesios

157 1600 379 1682 Karterlini,
411 1597 619 1668 Friderious
650 1600 695 1670 de
720 1601 904 1684 Glatouia,
938 1602 1137 1670 Werneros
1163 1596 1205 1666 de

156 1725 414 1816 Bilmieringa‚
434 1723 591 1796 Thomas
612 1702 657 1797 de
678 1727 805 1820 Praga,
822 1728 989 1804 Nicolaus
1009 1726 1055 1794 de
1078 1724 1205 1807 Maste,

159 1854 220 1921 oo.
249 1836 482 1919 Hererhar'n.
575 1827 577 1834 ’
1040 1874 1044 1887 ·
1134 1852 1152 1915 s

255 1978 348 2045 Item
373 1996 466 2048 anno
485 1978 613 2047 eodem
634 1986 880 2072 processerunt
894 1979 962 2048 snb
976 1999 1073 2071 mag.
1095 1968 1205 2049 Fran·

158 2101 253 2170 oisco
280 2100 506 2191 Tylmannus
540 2104 689 2176 willeri
718 2105 764 2175 de
798 2105 1003 2199 Brnnsberg
1030 2114 1069 2175 et
1096 2105 1137 2176 C.
1163 2105 1205 2174 de

160 2225 328 2303 Werdea.
354 2226 417 2298 dd.
542 2278 545 2283 .
1158 2298 1171 2327 t

253 2350 346 2420 Item
377 2351 449 2424 24..
468 2349 529 2420 die
552 2355 693 2448 Aprilis
718 2357 875 2444 ejusdem
906 2354 988 2425 anni
1010 2356 1103 2429 dett.
1128 2358 1205 2428 Ma·

158 2476 253 2548 thies
265 2483 301 2545 et
311 2476 505 2547 Stanislaus
518 2477 563 2545 de
580 2479 738 2571 Legnioz
752 2484 819 2553 sub
836 2503 932 2574 mag.
946 2484 1137 2552 'Mensone
1149 2456 1205 2550 d‘d.

145 2629 149 2633 ·
254 2603 349 2671 Item
378 2603 470 2671 feria
495 2600 533 2674 4.
564 2601 602 2670 in
624 2616 850 2696 pentecostes
878 2609 1020 2678 Cosmas
1049 2607 1127 2682 det,
1146 2607 1205 2678 sub

162 2751 258 2819 mag.
282 2730 456 2819 Rutgero.
529 2783 533 2786 .
664 2804 665 2808 ¹

272 2851 365 2919 Item
401 2850 526 2921 eodem
561 2879 652 2924 anno
678 2857 739 2930 17.
773 2859 832 2929 die
859 2860 1082 2953 Septembris
1117 2881 1205 2953 mag-

161 2979 319 3049 Joannes
340 2978 542 3047 Wenoeslai
575 2985 816 3072 praesentavit
838 2988 1016 3056 Joannem
1045 2988 1091 3057 de
1109 2984 1205 3056 Bode

160 3104 401 3173 baccalarium
419 3104 565 3173 alterius
585 3108 834 3194 universitatis,
855 3111 917 3203 qui
946 3120 1112 3207 receptus
1140 3136 1205 3184 eras

159 3227 206 3299 ad
230 3229 450 3298 facultatem.
477 3229 512 3304 d.

260 3355 354 3423 Item
376 3356 436 3426 21.
462 3359 521 3427 die
546 3365 674 3432 mensis
694 3361 914 3458 Septembris
931 3368 1012 3443 Nic.
1031 3368 1076 3438 de.
1096 3364 1205 3438 noh·

162 3486 244 3564 mia,
257 3485 429 3571 magister
440 3486 659 3571 Parisiensis‚
681 3502 843 3584 receptus
854 3491 923 3560 suit
944 3492 989 3560 ad
1005 3495 1205 3565 facultate·

161 3634 228 3702 pro
251 3613 431 3704 magistro.
457 3623 483 3682 t.

162 3747 296 3885 Anno
333 3815 457 3884 eodem
496 3813 554 3881 die
588 3815 625 3884 3.
664 3811 832 3885 Octobris
866 3819 1060 3890 examinati
1089 3750 1205 3889 etin-

129 3998 132 4002 <
163 3944 260 4014 missi
274 3954 352 4011 sunt
374 3942 434 4011 isti
452 3943 497 4009 asi
522 3942 825 4020 baccalariatnmz
852 3942 995 4019 Theod.
1014 3936 1205 4035 Barrfflvie⁴

164 4080 222 4150 Jo.
235 4069 279 4138 de
289 4069 457 4164 LegnioZ‚
468 4069 495 4140 J
498 4093 528 4137 0.
541 4068 584 4136 de
595 4066 790 4162 Eibingen,
803 4067 1021 4162 Rudolphns
1035 4070 1202 4162 Kampe
