2714 4740
1085 217 1132 295 2⁷.

146 448 149 453 -
177 398 220 480 4.
265 396 378 489 -Quou
391 396 554 495 religiosi
570 401 708 496 possint
725 405 869 476 admitti
884 405 940 478 ad*
952 408 1129 480 examina.

175 517 218 601 fi.
272 524 378 612 Quod
391 522 510 594 nullus
522 518 651 595 debeat
668 529 812 620 admitti
825 531 888 599 sub
910 531 1129 609 conditione,
1166 592 1168 601 s

76 710 81 715 .
173 651 217 722 6.
269 646 374 736 Quod
403 648 609 718 examinati
651 649 932 741 baccallariandi
964 674 1035 724 uon
1064 652 1127 721 de·
1184 648 1186 657 ’

71 768 191 840 beant
210 769 332 843 vocari
353 792 421 863 per
449 768 607 841 bidellos
633 763 753 862 nequii
775 749 842 866 per
872 773 1032 845 nuntium
1061 768 1124 842 d'e·

69 893 174 969 cani.
705 948 709 953 ,
810 988 813 993 ¹

174 1013 216 1092 7.
268 1013 373 1104 Quod
399 1011 518 1087 nullus
549 1014 659 1087 debet
687 1016 854 1105 admitti,
890 1018 960 1090 nisi
985 1014 1124 1091 audivit

67 1135 193 1209 libros
210 1158 303 1210 suos.
1171 1217 1180 1233 ⁴

172 1256 214 1327 8.
267 1259 323 1327 De
359 1261 494 1347 bursa,
532 1286 638 1357 qurum
672 1267 825 1360 quilibet
851 1268 1124 1366 'promovendus
1169 1288 1172 1293 ’
1212 1330 1214 1340 .

69 1379 182 1449 dabit
202 1379 383 1462 facultati.
527 1455 528 1458 ,

170 1505 213 1577 9.
256 1509 322 1591 De
345 1507 452 1578 modo
474 1507 623 1602 petendi
647 1504 891 1581 dimissionem
914 1510 1054 1580 bursae

173 1627 239 1698 10
266 1630 371 1718 Quod
392 1654 463 1700 non
485 1641 740 1724 promoveatur
761 1634 943 1726 aliquis
915 1632 1123 1756 sinesiguc·
1243 1616 1246 1628 ’

62 1755 105 1818 to
133 1749 269 1821 decani
292 1751 485 1830 facultatis,

172 1873 241 1951 11.
267 1875 370 1964 Quod
392 1898 463 1945 non
482 1876 616 1946 debent
639 1881 723 1972 capi
747 1879 918 1972 pignora·

172 1998 239 2068 12.
266 1999 322 2067 De
341 1997 448 2067 modo
466 2002 718 2090 praesentandi
739 1998 1121 2073 baccallariandorum.

171 2117 240 2197 13.
264 2121 362 2206 Quae
383 2123 502 2207 jurare
519 2125 651 2191 debent
672 2132 754 2216 post
774 2125 1118 2214 praesentationem.

170 2239 239 2318 14.
265 2243 368 2330 Quod
405 2244 562 2334 quilibet
593 2270 662 2339 pro
699 2248 815 2338 gradu
844 2245 1120 2315 baccallariatus

62 2363 250 2436 admissus
274 2364 381 2433 debet
398 2368 607 2458 promoveri
629 2368 667 2436 in
688 2368 815 2437 eodem
839 2367 996 2457 quartali
1017 2368 1119 2436 etde

56 2508 192 2588 poena
216 2488 448 2582 negligentis.
492 2511 495 2514 “

170 2608 235 2684 15.
260 2614 314 2681 De
331 2611 446 2680 'modo
463 2611 700 2705 promovendi
719 2615 1013 2684 examinatorum.-

170 2737 235 2812 16.
261 2740 314 2809 lle
333 2736 441 2805 modo
460 2735 608 2836 legendi
632 2736 826 2830 positiones
849 2745 1015 2831 tempore
1033 2758 1117 2830 pro·

61 2862 243 2936 motionis
264 2869 299 2927 et
322 2881 437 2951 poena
458 2880 609 2935 annexa.

169 2985 235 3061 17.
262 2981 358 3072 Quid
388 2979 507 3051 lacere
547 2981 679 3085 debent
713 2990 797 3051 ante
838 2937 1118 3049 intitulationem

60 3130 141 3206 pro
170 3104 347 3175 examine.

171 3225 234 3298 18.
260 3223 362 3315 Quod
394 3222 550 3292 scribere
581 3229 758 3307 tenetur,
786 3225 824 3292 in
856 3245 924 3312 quo
955 3217 1117 3327 hospitio

60 3348 188 3424 stetit.

172 3469 244 3546 19.
262 3467 529 3559 Quodscribere
545 3475 683 3577 tenetur
701 3466 921 3561 principium
943 3471 979 3535 et
1000 3438 1116 3556 linem
1147 3474 1154 3486 ⁸

61 3591 266 3666 auditionis
285 3582 478 3688 librorum.
524 3589 631 3661 Nota.
657 3589 728 3658 Hic
749 3588 913 3658 videatur
943 3585 1023 3658 29³1
1047 3594 1117 3654 sta·

59 3701 186 3791 susum
213 3713 326 3784 10103θ
346 3680 521 3787 rubricae.

165 3837 232 3910 20.
254 3833 368 3922 Quod
387 3834 481 3910 solus
500 3834 721 3905 examinatus
744 3826 1010 3926 promoveatur,

165 3954 234 4030 21.
260 3955 357 4045 Quid
377 3957 558 4026 concernit
581 3957 676 4050 ipsos
708 3957 783 4042 jam
806 3958 1004 4047 promotos·

164 4069 236 4151 22.
262 4077 387 4150 Unum
405 4079 591 4168 antiquum
602 4061 790 4156 ‘statutum
