2700 4732
245 300 308 386 100
397 342 400 347 ,
767 394 778 425 s
945 322 948 331 ¹
983 251 1101 360 'liuba
1125 288 1185 362 IX.
1206 286 1253 365 x.

248 498 410 595 episcopi
453 470 587 565 ordinis
624 486 921 582 praedicatorum,
951 487 1040 559 sicut
1073 488 1182 556 etiam
1213 484 1294 572 duo,

248 625 309 714 qni
334 615 568 711 quaestionati
593 621 629 680 et
663 610 751 679 torti
777 610 943 694 luerunt,
977 610 1151 702 legaliter
1185 632 1293 705 super

249 768 329 816 eum
351 741 562 822 fatebantur,
586 738 633 805 de
656 736 751 804 libro
782 733 963 804 facultatis
985 732 1054 801 fuit
1086 732 1236 817 deletus,
1259 740 1297 803 ct

251 862 473 936 aconsortio
506 859 759 952 magistrorum
801 856 946 948 penitus
982 855 1141 928 exclusus
1177 863 1216 924 et
1242 878 1299 927 w-

246 998 377 1061 sectus.

749 1130 785 1202 Β,

136 1267 139 1271 ’
270 1306 273 1311 ·
347 1274 442 1343 ltem
468 1273 507 1341 in
531 1272 704 1340 decanatu
716 1293 814 1361 mag.
834 1269 967 1340 Jacobi
992 1269 1037 1339 de
1061 1260 1298 1365 Bartinste'jsn

253 1394 314 1467 die
339 1390 730 1469 21..'mensis·lanuarii
760 1393 798 1461 in
820 1394 931 1485 pleno
958 1394 1114 1463 concilio
1146 1393 1299 1463 faculta-

254 1519 302 1585 tis
332 1516 433 1585 nullo
460 1514 729 1583 contradicente
748 1522 912 1582 statutum
934 1512 1001 1584 luit
1028 1521 1065 1581 et
1085 1516 1298 1596 conclusam,

255 1639 349 1731 quod
375 1638 421 1706 de
449 1647 569 1707 cetero
589 1637 706 1705 n'ullus
730 1637 776 1704 ad
797 1658 943 1705 examen
978 1612 1302 1729 magistrandorum

256 1766 294 1830 in
314 1761 447 1831 artibus
468 1760 612 1827 admitti
638 1760 796 1839 deberet,
822 1760 889 1825 nisi
913 1741 1011 1850 prius
1035 1763 1182 1846 juraret,
1205 1764 1298 1852 quod

257 1891 338 1975 post
363 1880 628 1972 promotionem
652 1879 703 1945 sui
734 1879 780 1947 ad
802 1880 954 1970 gradum
978 1880 1235 1950 baccalariatue
1267 1881 1305 1949 in

243 2003 409 2082 -artibus,
438 2001 476 2069 in
506 2001 801 2092 disputationibus
830 2004 1079 2095 magistrorum
1103 2005 1225 2099 sexies,
1249 2011 1305 2070 ter

146 2166 152 2191 ι.
260 2122 454 2205 ordinarie,
476 2131 513 2188 et
542 2132 597 2194 ter
623 2124 906 2194 extraordinarie
930 2124 976 2193 ad
1005 2123 1226 2216 quaestiones
1248 2145 1304 2195 re·
1334 2144 1338 2152 ·

263 2246 479 2342 spondisset.

547 2476 749 2548 DECIMA
776 2471 1019 2546 RUBRICA.

769 2645 807 2724 1.

263 2788 323 2869 De
355 2787 542 2864 exercitiis
578 2781 808 2863 aestivalibus
835 2803 872 2862 et
906 2781 1119 2891 hyemalibus
1155 2803 1193 2868 et
1216 2781 1310 2866 basis

586 2910 771 2992 earundem
798 2908 978 2992 habendis.

362 3060 457 3130 Item
484 3062 521 3130 in
544 3065 716 3133 decanatu
740 3086 835 3154 mag.
863 3064 991 3132 Jacobi
1012 3065 1056 3132 de
1079 3063 1313 3159 Bartinsteyn

268 3183 330 3251 die
351 3184 390 3259 3.
411 3189 541 3255 mensis
563 3187 750 3273 Februarii
783 3185 997 3277 praehabita
1017 3176 1314 3256 matura-delibo·

269 3307 408 3374 ratione
430 3308 683 3398 magistrorum
706 3309 745 3376 in
764 3309 917 3378 concilio
950 3307 1133 3379 facultatis
1168 3284 1317 3401 congre·

267 3432 446 3516 gaiorum.
467 3429 667 3500 conclusum
700 3438 789 3512 erat,
823 3428 918 3515 quod
944 3428 1094 3497 cuilibet
1126 3431 1319 3520 magistro·

256 3534 353 3641 ’rum'
378 3549 557 3619 ,exercitia
587 3559 710 3619 tenere
740 3549 935 3620 volentium
965 3550 1114 3619 deberet
1133 3572 1221 3623 [esse
1251 3551 1320 3619 sal·

26 3718 32 3730 ,
148 3696 150 3701 ·
273 3655 355 3736 vum
388 3669 558 3737 exercitia
591 3678 713 3738 tenere
752 3669 852 3736 omni
883 3670 943 3738 die
972 3676 1047 3738 tam
1081 3669 1120 3735 in
1150 3668 1322 3761 pbiloso-

273 3789 385 3884 phia,
410 3815 516 3880 quam
551 3794 588 3860 in
617 3794 758 3886 logica,
792 3803 1044 3885 praeterquam
1074 3795 1200 3864 indie
1230 3794 1322 3865 Sab-

254 3915 364 4009 bati,
385 3916 449 4011 qui¹
466 3939 535 4008 pro
556 3916 854 4008 disputationibus
878 3917 1068 3985 ordinariis
1087 3925 1132 3983 et·
1156 3916 1324 3985 conciliis

196 4080 201 4095 ·
275 4034 458 4106 facultatis
481 4059 606 4110 vacare
631 4039 762 4129 debet3
783 4041 834 4109 sic
860 4048 987 4123 tamen,
1020 4038 1115 4128 quod
1137 4037 1176 4107 in
1197 4036 1326 4146 pbilo-
