2700 4732
259 249 326 323 240

350 443 444 515 Item
474 431 602 513 eodem
642 438 704 511 die
721 438 912 513 Albam
944 437 1105 514 S'weline
1146 444 1186 511 et
1216 436 1315 513 Her·

255 589 401 639 mannua
425 561 633 659 Duieborgh
654 564 747 641 dett.
773 564 838 634 sub
867 584 974 659 mag.¹
988 564 1143 635 Swerte.

349 687 443 758 Item
471 690 532 759 »ub
566 688 693 757 eodem
724 688 788 758 10.
818 686 881 759 die
914 688 1072 781 Augusti
1103 686 1312 779 'tyderiom

253 808 367 883 dietus
378 813 450 882 Bot
458 811 504 882 de
518 807 643 880 Werle
661 816 698 878 et
709 809 919 905 Hyetlewm
931 810 1007 880 Bot
1021 811 1065 880 de
1078 808 1207 881 Wetle
1217 808 1310 879 dett.

347 933 440 1003 Item
456 931 522 1002 suh
543 931 669 1002 eodem
697 932 771 1006 det.
789 931 976 1005 Humidus
1000 934 1046 1007 de
1067 930 1216 1005 Geseke
1241 932 1306 1011 14.

254 1060 314 1129 die
334 1055 505 1149 Augusti.

300 1162 312 1185 '
348 1177 442 1247 Item
455 1200 559 1259 anno,
583 1199 651 1266 quo
663 1198 783 1270 supra,
804 1166 865 1249 26.
883 1175 940 1247 die
952 1175 1053 1247 Junii
1063 1172 1310 1249 wolfhardus

251 1298 299 1369 de
321 1297 531 1393 Groningen
551 1296 630 1372 det.
647 1300 709 1367 sub
722 1321 815 1390 mag.
828 1297 994 1367 Gerardo
1013 1297 1060 1365 de
1073 1297 1306 1393 Groningen.

347 1424 465 1514 Anno,
498 1428 538 1490 ut
567 1441 683 1513 supra,
715 1421 837 1491 Nicol.
870 1422 916 1490 de
939 1418 1107 1513 Heynioz
1133 1416 1213 1491 det.
1241 1419 1307 1487 mh

251 1567 347 1636 mag.
370 1545 486 1618 Henr.
513 1543 559 1614 de
577 1542 717 1612 Bromie
735 1546 772 1622 2.
794 1542 853 1612 die
874 1542 981 1628 Maji.

344 1666 440 1735 Item
462 1666 497 1738 1.
517 1665 577 1733 die
600 1664 694 1735 Maii
716 1665 789 1734 det.
817 1667 925 1741 Jmn.
944 1662 1104 1738 conradi
1125 1662 1172 1735 de
1199 1660 1301 1753 Stry·

245 1788 357 1885 gonia
379 1791 442 1858 sub
465 1809 559 1879 mag.
589 1788 637 1864 H.
661 1788 810 1858 Storoh.

340 1913 433 1980 Item
463 1913 497 1984 6.
532 1910 595 1977 die
622 1910 717 1998 Maji
751 1911 827 1985 det.
857 1913 964 1983 Joan.
995 1911 1041 1981 de
1062 1909 1211 1979 Enetett
1231 1906 1318 1977 mt-

244 2059 342 2129 mag.
365 2038 412 2109 H.
436 2035 653 2131 Perchting,
708 2102 715 2111 .

338 2158 429 2229 Item
468 2160 528 2229 die
558 2158 654 2245 Maji
684 2161 744 2232 22.
777 2159 884 2233 Joan.
919 2156 1086 2231 'rhomae
1119 2156 1196 2227 det.
1230 2150 1288 2223 mh

243 2306 337 2377 mag.
367 2283 484 2379 Hem.
513 2284 713 2374 Rybenicz

273 2405 432 2474 Item
455 2407 517 2482 26.
546 2405 605 2473 die
629 2405 725 2490 Maji
744 2401 959 2475 Gotscalcut
976 2401 1112 2474 Grollo
1132 2398 1208 2478 det.
1228 2394 1282 2467 tub

243 2550 343 2621 mag.
363 2527 570 2597 Hermanno
594 2524 742 2594 Gesink.
873 2586 875 2592 .

337 2648 430 2715 ltem
456 2652 519 2721 27.
550 2650 608 2717 die
632 2648 729 2734 Maji
747 2647 878 2741 Steph.
898 2650 943 2717 de
967 2647 1142 2741 Fryberg
1170 2662 1297 2733 recep·

243 2786 295 2845 tm
313 2771 383 2841 fuit
414 2770 461 2843 ad
491 2769 702 2841 facultatem
731 2795 800 2864 pro
825 2771 1028 2843 baccalario
1060 2768 1201 2851 artium,
1230 2757 1278 2855 (μὶ

243 2904 320 2962 eret
343 2892 560 2965 baccalarius
583 2892 810 2984 Wyenensis.

337 3014 489 3089 lte1n5.
508 3015 567 3084 die
588 3017 686 3086 Junii
711 3018 884 3089 Albertus
903 3018 949 3087 de
970 3017 1129 3089 Libera·
1144 3014 1277 3087 civitate

242 3144 316 3213 det.
338 3141 401 3211 sub
431 3162 523 3230 mag
552 3139 606 3214 H.
627 3138 838 3233 Perchting.
993 3143 996 3149 '

335 3260 430 3331 Item
459 3257 521 3332 15.
553 3260 614 3329 die
643 3262 742 3334 sumi
767 3264 1013 3357 'Pylemannus
1045 3263 1092 3332 de
1117 3262 1232 3355 Gling
1249 3262 1278 3327 et

238 3382 423 3454 Ditmarus
443 3385 487 3453 de
510 3386 642 3456 Zalcza
661 3389 754 3469 dett.
782 3392 847 3459 sub
869 3414 967 3484 mag.
955 3390 1037 3459 .H
1060 3387 1260 3481 Hybeniez·

332 3509 426 3579 Item
437 3510 494 3579 die
506 3511 570 3583 26.
583 3511 683 3581 Junii
693 3513 875 3605 Eynolfue
893 3514 938 3582 de
949 3511 1164 3605 Geyemarie
1178 3519 1214 3579 et
1222 3508 1278 3579 Ρο-

176 3622 180 3627 ’
239 3641 311 3704 trus
341 3632 386 3701 de
403 3633 639 3727 Wyldmigen
661 3633 753 3718 dett,
785 3639 848 3709 sub
871 3660 969 3733 mag.
994 3636 1111 3707 Henr.
1135 3635 1282 3709 Greum·

241 3755 345 3823 stein.

332 3881 428 3952 Item
450 3887 582 3956 eodem
604 3903 735 3965 mense,
755 3884 816 3958 16.
836 3882 907 3969 die,
929 3882 1003 3952 det.
1016 3872 1283 3956 Nemees·-

237 4001 309 4071 liee
329 4006 392 4072 sub
419 4004 651 4097 111ag.Henr.
674 4005 868 4086 Ribenioz.

332 4128 423 4197 Item
459 4130 521 4207 10,
544 4127 602 4197 die
630 4132 724 4221 maji
756 4129 879 4202 Nicol.
905 4135 949 4202 de
982 4130 1128 4202 Zawiez
1161 4140 1199 4200 et
1233 4130 1285 4196 Ja-
