2714 4740
89 274 201 343 Rubr.
222 274 263 342 1.
471 286 473 296 '
661 258 664 263 ’
715 237 767 365 ’Δ
1040 271 1150 358 1011ΙΙ
1217 379 1226 393 ⁴

49 471 112 552 rit,
137 471 177 538 in
197 467 369 539 decanatu
386 486 448 533 suo
468 463 504 531 in
527 463 648 555 prima
663 465 942 555 congregatione
963 469 1102 537 uniuer-

50 585 171 662 sitatis
198 615 273 682 per.
297 573 478 658 dorninunr
507 596 684 658 rectorem
716 587 811 657 facta
837 600 909 659 auo
933 590 1103 670 facienda

19 729 22 734 ’
52 713 236 782 tenebitur
259 711 326 781 hos
349 710 514 780 articulos
536 719 573 796 et
604 711 692 778 alios
724 719 852 780 statum
883 716 1103 787 studentium

51 831 236 903 facultatis
262 833 392 901 artium
419 839 671 901 concernentes
702 832 932 924 promulgare
960 843 996 903 et
1023 861 1106 929 pro·

56 957 219 1051 nuntiare
243 963 327 1046 post
351 953 733 1026 exhortationemdni.
752 956 915 1038 rectoris,
932 930 1107 1047 simulque

59 1074 238 1144 exhortari
258 1076 305 1142 ad
327 1099 368 1142 ea
384 1075 580 1142 honestatis
606 1098 727 1165 opera,
741 1084 847 1167 prout
872 1076 944 1170 ipsi
970 1077 1106 1148 decano
1182 1074 1185 1079 ⁴

62 1197 256 1289 expediens
278 1206 315 1264 et
333 1196 545 1267 conveniens
569 1197 774 1290 apparebit.
819 1263 821 1267 .

551 1338 610 1410 14.

188 1481 251 1558 De
268 1483 502 1583 promissione
527 1481 729 1581 recipientis
754 1478 989 1559 ordinarium.

159 1634 232 1704 Ao.
255 1631 338 1704 Dni.
367 1629 479 1701 1397.
510 1629 571 1698 die
598 1631 662 1700 26.
695 1623 826 1698 mensis¹
850 1630 957 1717 Maji,
984 1624 1023 1698 iu
1050 1629 1111 1698 de-

10 1707 18 1851 1
79 1762 191 1822 conatu
205 1775 303 1849 mag.
324 1751 425 1820 Petri
444 1749 578 1851 Posern
589 1749 684 1817 facta
696 1751 807 1843 plena
832 1750 1112 1843 congregatione
1145 1790 1147 1799 ,
1197 1776 1201 1781 ’

10 1852 18 1973 l
81 1871 246 1942 facultatis
267 1873 330 1942 sub
351 1870 420 1939 hac
450 1871 591 1965 forma:
619 1872 800 1963 Magister
824 1873 1041 1946 reverende!
1066 1875 1113 1943 si·
1204 1924 1206 1929 .

86 1998 126 2062 tis
149 1994 448 2065 hodiehora17.
471 1993 508 2061 in
530 1989 686 2064 concilio
717 1995 898 2064 facultatis
918 1998 965 2065 ad
990 1997 1113 2066 viden-

16 2084 21 2097 ⁸
88 2112 165 2195 duur,
182 2142 225 2188 au
246 2125 461 2209 conceptum
484 2127 632 2203 quatuor
645 2118 895 2208 magistrorum
917 2141 983 2209 per
1003 2116 1115 2187 facul·

88 2243 184 2304 tatem
207 2239 457 2330 deputatorum
476 2261 583 2329 super
607 2238 814 2326 quibusdam
838 2240 997 2306 articulis
1021 2242 1114 2308 rela·
1236 2262 1237 2267 ¹

88 2360 150 2424 tuor
172 2357 332 2430 facultati
362 2360 408 2426 sit
437 2335 601 2429 finaliter
635 2359 922 2428 concludendum
953 2363 1116 2430 totaliter
1187 2384 1191 2395 “

10 2522 19 2539 ,
91 2479 138 2546 uel
153 2482 186 2550 in
206 2492 322 2575 parte,
342 2484 404 2551 sub
437 2475 552 2573 poena
573 2483 738 2579 praestiti
762 2483 952 2570 juramenti
969 2466 1020 2550 et
1044 2505 1117 2550 non

96 2605 354 2675 contradicendi.
416 2605 628 2687 Conclusam
653 2606 724 2673 fuit
757 2606 795 2672 iu
816 2605 941 2673 eadem
964 2629 1115 2697 congre·

94 2724 212 2813 gatioue
239 2729 360 2794 multis
391 2709 558 2795 consiliis!
578 2727 725 2796 maturis
748 2725 973 2819 praehabitis
993 2752 1114 2797 secun·

94 2843 156 2914 dum
175 2853 342 2935 nraj0rem
361 2857 522 2941 partem,
549 2846 644 2937 quod
660 2850 712 2946 lin
737 2859 840 2916 antea
863 2849 1015 2938 quilibet
1042 2875 1115 2918 ma·

97 2963 284 3052 gistrorurn,
316 2970 376 3059 qui
407 2970 557 3041 voluerit
579 2970 616 3038 in
644 2970 737 3049 festo
757 2991 787 3051 s,
808 2970 956 3059 Aegidii
985 2946 1117 3040 librurb

99 3083 291 3177 ordinarium
312 3091 461 3183 eligere,
484 3092 593 3158 debet
616 3091 750 3158 decano
772 3113 840 3181 pro
862 3100 946 3155 tunc
966 3088 1117 3179 promit·

96 3209 163 3290 tere,
181 3211 270 3300 quod
289 3212 379 3279 velit
401 3213 467 3280 illo
491 3236 593 3294 anno,
615 3214 645 3281 si
667 3187 813 3301 Pragae'
833 3208 951 3293 fuerit,
974 3208 1059 3279 dolo
1079 3219 1116 3279 et

97 3311 197 3400 fraude
213 3335 431 3428 postpositis,
449 3334 707 3426 subterfugium
728 3355 797 3400 non
812 3331 1022 3419 quaerendo,
1034 3333 1118 3402 dum

98 3455 127 3511 θῑ
149 3457 280 3540 quando
299 3458 417 3549 ipsum
447 3456 535 3525 ordo
558 3455 732 3547 tetigerit,
761 3452 941 3521 ordinarie
962 3453 1115 3547 disputa*

96 3587 126 3632 re
142 3584 171 3639 et
187 3577 223 3644 in
239 3577 481 3670 disputatione
505 3578 551 3645 de
569 3578 732 3667 quolibet
753 3577 790 3643 in
817 3575 950 3644 artibus
970 3599 1116 3668 respon*

98 3684 183 3783 dtre3
209 3699 306 3787 quod
334 3700 364 3768 si
390 3700 458 3771 illo
484 3725 575 3772 anno
605 3699 797 3790 deliquerit
814 3699 888 3767 sive
909 3697 1117 3779 omiserit,

96 3811 159 3884 alte
179 3823 297 3890 omnia
319 3822 441 3894 futuro
459 3847 552 3894 anuo
572 3823 749 3893 electione
770 3831 806 3890 et
825 3831 920 3894 sorte
945 3819 1117 3890 ordinarii

98 3929 308 4034 sitprivatusq
