2700 4732
1051 262 1119 335 395

69 437 358 533 Casparlouwe,
385 434 764 531 PaulusKoplennan.
784 443 847 519 dd
872 449 1018 526 Ulricus
1037 454 1110 528 'l'a-

66 558 331 633 schenurecher.
358 558 416 628 Jo.
438 557 485 627 do
502 559 687 642 Erlordia
707 568 743 637 sl

153 824 406 916 Deconano
422 847 539 942 mog,
557 823 745 943 Joounis
763 797 1014 946 deltzyssr,
1043 872 1046 879 ¹

66 1008 200 1138 Anno
220 1058 366 1133 Domini
388 1062 503 1142 1407.
524 1061 562 1130 in
586 1061 716 1155 vigilia
741 1067 859 1132 sancti
880 1063 994 1148 Galli,
1021 1084 1110 1156 quae

66 1182 134 1250 fuit
178 1178 235 1250 15.
268 1184 328 1251 dis
368 1184 497 1252 mensis
536 1181 725 1265 Octobris,
764 1206 832 1274 ego
868 1184 1027 1265 Joannes
1063 1183 1112 1252 de

64 1302 181 1387 Rzist,
209 1325 304 1393 mag,
325 1305 362 1371 in
387 1303 530 1383 artibus,
562 1301 615 1373 fui
642 1303 774 1373 electus
799 1302 1031 1375 ludecanum
1055 1302 1108 1372 fa·
1173 1371 1176 1375 .

64 1424 206 1492 cultatis
239 1429 368 1493 artium
396 1422 507 1491 studii
527 1422 717 1513 Pragensis
745 1422 934 1492 secundum
957 1422 1109 1493 formam
1138 1465 1147 1483 .

69 1555 280 1613 statutorum
302 1568 406 1639 super
425 1541 496 1611 hoc
516 1543 773 1620 confectorum:
819 1547 947 1616 iuravi
968 1556 1006 1614 et
1022 1568 1107 1640 pro·

63 1668 158 1752 misi,
181 1690 220 1735 ac
247 1667 422 1759 promissa
442 1674 523 1736 trurc
544 1666 685 1760 amgris
705 1669 957 1761 praesentibus
980 1673 1106 1764 recepi

59 1787 246 1859 secundum
265 1797 396 1875 statuta
421 1785 578 1876 ejusdem
602 1778 795 1870 facultatis.

152 1911 244 1979 ltem
282 1909 408 1979 eodem
439 1910 499 1980 dle
531 1913 640 1980 electi
662 1911 804 1982 suerunt
831 1912 971 2004 ‘lurgri
1007 1915 1051 1983 de
1078 1911 1105 1987 4

60 2032 271 2113 nationibus,
292 2032 352 2118 qui
374 2052 455 2099 cum
477 2033 612 2100 decano
639 2033 773 2104 habent
794 2037 981 2130 respicere,
1002 2035 1104 2125 quod

59 2161 190 2221 statuta
222 2151 401 2220 facultatis
438 2150 561 2221 debite
588 2155 840 2230 observentur:
882 2160 927 2227 de
957 2162 1103 2226 natione

59 2277 273 2344 Boemorum
292 2295 385 2364 mag.
405 2272 568 2343 Michael
591 2275 636 2343 tle
657 2276 862 2362 Malenicr,
889 2278 935 2345 de
954 2277 1101 2346 natione

58 2400 274 2468 Polonorum
305 2417 399 2488 mag.
427 2396 490 2465 Jo.
510 2395 670 2484 Lobeke,
692 2394 740 2466 de
759 2394 902 2468 natione
922 2397 1100 2469 Saxonum

55 2541 150 2609 mag.
179 2518 353 2587 Honricus
375 2516 611 2612 Bernhagen‚
643 2525 689 2591 ‹lo
713 2520 857 2596 natione
876 2519 1099 2591 Bavarorum

56 2664 149 2734 mag.
168 2637 376 2710 waltherus
399 2638 583 2714 Harraser.

147 2764 241 2832 Item
268 2761 481 2830 collectores
506 2762 734 2856 pecuniarum
761 2760 966 2836 facultatis:
999 2781 1097 2855 mag·

56 2884 254 2974 Gregorius
275 2880 405 2952 Leonis
435 2881 483 2951 de
511 2882 632 2977 Praga
662 2893 699 2952 et
718 2904 814 2977 mag.
837 2881 1023 2976 Heningus
1050 2883 1099 2956 ‹lo
1190 2968 1193 2972 ,

53 3007 275 3078 Hildensem.

147 3125 240 3192 Itoni
261 3144 475 3196 assessores:
492 3147 588 3220 mag.
606 3122 783 3198 Henricur
804 3123 964 3215 Gruutlr,
992 3145 1095 3220 mag.

50 3243 278 3314 Burchardus
301 3245 346 3312 de
369 3245 574 3338 Balyugen.

144 3367 236 3433 Item
248 3367 355 3436 electi
376 3367 519 3441 fuerunt
533 3371 820 3466 dispensatores:
847 3391 938 3467 mag.
959 3375 1022 3448 sio.
1042 3376 1090 3449 ds

46 3489 285 3577 Neosedlycz,
315 3511 410 3582 mag.
440 3493 995 3590 Jo.lnbeke,mag.1tieolaus
1018 3499 1090 3571 Bo·

47 3609 141 3692 uolt,
163 3632 257 3701 mag.
281 3610 503 3687 Hermanuus
525 3611 570 3684 ds
600 3615 787 3690 Altodors.

142 3730 259 3816 Anno,
282 3753 352 3821 quo
373 3753 491 3825 rupta,
525 3757 593 3828 pro
615 3738 777 3806 examine
799 3732 1092 3810 baccalariautlo·

46 3873 135 3935 rum,
162 3851 257 3940 quod
277 3854 370 3921 solet
395 3851 478 3924 fieri
506 3867 588 3926 rute
611 3857 740 3930 festum
761 3858 961 3930 nativitatis
985 3859 1097 3932 Chri.

45 3979 90 4043 sti
112 3973 221 4042 electi
246 3975 388 4047 fuerunt
406 3977 685 4056 examinatores:
705 3979 752 4052 dt
775 3984 918 4057 musae
938 3980 1092 4058 Boemo-
