2700 4732
1036 200 1128 359 aa

43 441 147 514 enim
171 430 262 510 liaeo
291 435 455 506 evocatio
485 426 766 509 baccalarioruin
799 447 985 532 quateris
1005 467 1098 522 anno

46 563 317 644 celebrabatur,
336 571 375 629 ut
398 559 551 629 habetur
571 552 717 634 fol.'14.
743 564 848 658 (pag.
865 567 948 661 39).
973 571 1099 658 Etiam

46 710 93 757 eo
126 673 290 777 tempore
318 683 549 776 debentillis
572 682 649 774 legi
672 692 813 768 statuta,
840 687 877 757 in
903 701 993 780 quae
1014 716 1098 785 gra.
1164 676 1167 689 ‘

46 809 137 881 darn
148 813 365 876 assumentes
375 809 593 892 iuraverunt.
629 806 681 874 Et
698 811 910 898 praesertim
927 813 996 883 ista
1016 813 1098 900 duo,
1138 878 1139 885 ,

47 926 208 1000 fol.16.
235 924 339 1021 (pag.
362 926 526 1016 tato).
573 923 667 995 Item
691 929 848 1015 quilibet
871 931 1098 1008 baccalariua
1142 931 1144 934 ’
1233 929 1237 938 ’

46 1049 179 1121 ordine
194 1051 311 1143 ipsum
335 1050 535 1142 attingente
550 1050 587 1117 in
601 1048 883 1140 Quadragesima
902 1060 938 1121 et
960 1051 1101 1142 diebus,

48 1194 140 1264 quos
168 1171 384 1240 caniculares
411 1171 578 1256 dicimus,
604 1194 709 1255 unum
731 1171 915 1264 sophisma
937 1183 973 1243 et
996 1201 1102 1257 unam

49 1297 296 1391 quaestionem
320 1295 465 1387 publice
486 1294 697 1387 disputabit.
718 1280 826 1363 ¹ltem
848 1297 943 1385 quod
967 1299 1100 1379 bonum

50 1418 295 1493 universitatis
323 1426 362 1486 et
391 1417 573 1487 facultatis
590 1416 800 1510 procurabit
832 1415 880 1486 ad
912 1440 1101 1512 quamam.

52 1547 272 1635 quartarum
292 1542 516 1633 pervenerit.
1087 1531 1091 1540 ’

296 1661 357 1742 De
381 1665 540 1740 exansiue
567 1658 859 1749 baccalariorum·
975 1715 980 1724 ·

139 1809 208 1880 Cur
229 1831 298 1878 non
327 1807 474 1895 singulis
495 1811 593 1876 annis
620 1807 679 1874 sed
700 1809 839 1880 alteruis
866 1818 999 1880 tarstum
1019 1831 1105 1904 ape·-

55 1917 280 1988 dndum-sit
300 1914 378 1983 vide
398 1913 464 1984 fol.
489 1918 564 1986 190.

156 2054 318 2125 Docauus
341 2057 421 2120 ante
445 2061 591 2140 quatuor
604 2055 807 2145 Tempora,
833 2077 912 2123 cum
930 2061 1103 2148 opportu-

62 2200 145 2248 num
165 2177 221 2244 illi
236 2178 350 2244 visum
368 2174 485 2256 luerit,
512 2173 724 2243 facultatem
745 2177 921 2258 evocabit,
951 2198 1105 2266 cumque

66 2321 106 2366 ea
130 2297 174 2366 de
200 2298 317 2367 tuturo
335 2297 496 2366 examine
520 2297 716 2389 aperiundo
736 2296 926 2382 conferet3
956 2297 1104 2384 quodsi

68 2421 322 2501 consenserint,
347 2418 406 2486 vel
434 2421 548 2504 major
568 2441 674 2510 pars,
700 2417 924 2485 intimatione
953 2439 1032 2488 cum
1059 2417 1105 2484 si·
1194 2407 1197 2415 ’

69 2539 157 2631 gillo
173 2541 355 2612 facultatis
365 2540 576 2635 publicabit
598 2541 752 2610 futurum
783 2550 975 2622 certamen,
1006 2537 1107 2605 diem

75 2661 272 2742 ethoram,
297 2687 366 2752 qua
398 2686 435 2733 se
466 2663 718 2756 conspectibus
739 2663 988 2753 magistrorum
1014 2667 1102 2736 offe·
1139 2647 1143 2660 ’

10 2806 12 2813 ·
76 2793 154 2869 rant,
177 2786 329 2855 evocatis
359 2786 558 2860 statuendo.
619 2784 663 2853 ln
691 2809 757 2874 qus
785 2783 987 2853 ostensione
1014 2768 1105 2853 haec

80 2903 142 2974 illis
159 2917 289 2978 statuta
307 2909 481 3000 legentur.
536 2907 716 2976 Primum:
744 2905 869 2975 Nullus
891 2906 938 2972 ad
956 2927 1104 2974 examen

83 3021 317 3097 baccalariatus
336 3028 566 3109 admittatur,
598 3027 666 3094 nisi
692 3026 806 3094 libros
827 3024 980 3117 gradum
1001 3026 1107 3094 illum

85 3157 317 3218 concernentes
338 3151 376 3218 in
390 3149 619 3218 universitate
637 3149 706 3217 hac
727 3147 873 3239 publice
892 3156 928 3214 et
948 3147 1109 3239 comple·

86 3268 322 3355 ltaudivisset,
340 3272 564 3361 mediumque
591 3294 717 3340 annum
745 3271 791 3340 ad
811 3271 924 3337 minus
947 3266 1108 3362 philoso-

10 3421 13 3432 *
87 3379 174 3473 libiae
207 3416 355 3488 operam
400 3394 487 3462 dans
523 3394 560 3460 in
602 3393 830 3461 universitate
871 3376 1109 3469 contrivisset.

10 3527 15 3538 '
88 3504 173 3582 Adue
200 3540 315 3586 mores
337 3530 493 3610 agrestes
514 3518 552 3586 in
573 3515 677 3586 hirco
696 3539 762 3608 per
782 3513 966 3596 bernium,
997 3521 1035 3582 ut
1055 3511 1110 3582 ‹li-
1175 3547 1181 3566 κ

10 3632 14 3667 ·’
89 3643 166 3718 cunt,
185 3627 401 3729 reliquisset,
428 3641 586 3729 quamvis
608 3640 645 3706 in
667 3637 817 3707 arbitrio
835 3634 1112 3706 reverendorum

10 3752 17 3793 ¹
88 3757 316 3846 lmgistrorum
341 3759 571 3848 relinquatur,
592 3759 882 3852 dispensatioque
912 3754 996 3825 lieri
1027 3773 1110 3846 pos·

10 3870 20 3911 '
87 3863 139 3954 'lis
160 3891 211 3965 ut,
235 3883 264 3949 ai
290 3882 367 3970 quis
396 3882 509 3949 libros
538 3882 693 3951 nondum
714 3880 862 3951 auditos.
880 3876 1112 3972 promitteret

10 3986 20 4031 ²
89 4005 158 4079 post
180 4005 308 4098 gradu
340 4003 587 4075 assumtionem
618 4028 656 4077 se
694 4009 856 4077 accurate
895 3999 1113 4072 auditurum.
