2714 4740
188 221 341 314 1111111.
535 315 538 324 k
896 202 901 209 ‘
1114 215 1176 299 sot

161 421 188 487 in
208 417 349 486 concilio
374 412 614 483 universitatis
647 412 693 480 ad
718 411 936 484 audiendum
964 413 1174 506 pronuncia.

159 540 263 634 tionem
279 539 329 633 de
343 533 538 606 concordia
563 533 658 602 facta
681 534 774 601 inter
794 533 983 604 facultates
1004 536 1067 602 sub
1088 557 1175 625 poe·

158 687 258 732 utnon
272 656 558 738 contradicendi.
607 656 685 727 Ubi
700 656 738 722 in
761 657 871 747 plena
894 633 1174 747 congregatione

154 785 375 876 ,magistrorum
395 778 634 860 universitatis
655 775 858 869 Stephanus
873 779 1009 864 juratus
1030 776 1172 846 nuntius
1253 802 1255 807 ⁸
1301 812 1304 821 ·

156 904 190 972 111
203 903 457 992 requisitionem
476 899 657 991 praedicti
681 897 817 966 domini
841 898 991 989 rectoris
1015 896 1103 964 fecit
1118 876 1171 961 'fi-

104 1054 105 1059 ‘
155 1027 275 1112 dense
295 1045 531 1111 omnes,quos
552 1044 700 1090 evocare
725 1021 864 1101 debuit,
883 1042 1057 1100 evocasse,
1078 1019 1170 1104 rela·
1233 1046 1240 1059 ⁸
1278 1105 1281 1109 .

155 1148 339 1218 timefacta
360 1146 521 1215 dominus
538 1154 656 1215 rector
678 1167 828 1236 surgens
841 1126 1075 1233 interrogavit
1094 1145 1169 1210 om·

153 1291 197 1339 nes
214 1279 245 1338 et
272 1257 436 1360 singulos
472 1267 663 1359 magistros
684 1267 735 1333 sic
768 1273 990 1338 convocatos,
1016 1272 1053 1330 et
1073 1261 1170 1332 ordi·

152 1393 225 1467 uarie
248 1395 421 1468 sedentes,
446 1396 563 1454 utrum
584 1386 631 1453 de
661 1387 735 1455 alto
770 1398 806 1454 et
827 1388 928 1454 basso
953 1381 1169 1473 compromi-

153 1513 252 1580 sissent
270 1512 307 1578 in
331 1510 520 1602 magistros
542 1530 602 1576 sex
621 1517 828 1601 certosper
850 1508 1038 1576 facultates
1059 1504 1168 1594 depu-
1260 1506 1262 1517 '

153 1641 232 1717 latu,
250 1632 309 1724 qui
330 1631 560 1723 singulariter
579 1630 848 1722 responderunt,
873 1628 967 1719 quod
987 1622 1048 1709 sic,
1065 1626 1168 1694 nullo

153 1759 262 1846 penitus
284 1753 575 1840 contradicente3
605 1777 672 1843 quo
693 1753 789 1822 facto
809 1753 977 1842 magister
996 1748 1166 1823 nicolaus

152 1879 244 1948 Gubin
266 1879 402 1947 ibidem
434 1877 677 1968 personaliter
702 1878 908 1945 constitutus
934 1873 1079 1955 arbiter,
1110 1893 1165 1961 ar-

141 1977 235 2074 ¹bitrio
261 2027 319 2073 suo
352 2009 388 2070 et
412 2001 562 2073 aliorum
587 2003 835 2094 magistrorum
865 2026 1001 2074 suorum
1022 1998 1162 2069 coarbi·

152 2130 255 2196 trorum
274 2122 571 2192 consentientium
593 2123 728 2190 ibidem
751 2123 891 2192 nomine
911 2120 1164 2214 pronunciavit

105 2299 108 2309 .
153 2242 327 2338 inscriptis
347 2269 414 2336 per
435 2246 552 2312 omnia
570 2247 606 2310 in
627 2245 716 2312 haec
743 2248 874 2316 verba:
901 2244 982 2331 Ego
998 2241 1163 2309 Nicolaus
1260 2319 1264 2327 ¹

152 2359 185 2429 de
203 2365 308 2437 Gubin
330 2391 358 2434 s.
384 2345 594 2456 theologiae
624 2366 813 2458 professor,
842 2365 986 2430 nornine
1014 2377 1106 2443 meo,
1125 2366 1162 2426 et

152 2476 260 2556 uomine
280 2488 538 2556 coarbitrorum
561 2510 719 2555 meorum
742 2485 833 2554 mihi
861 2485 907 2553 de
934 2482 1161 2554 facultatibus
1206 2524 1210 2529 -

129 2603 208 2675 'aliis
228 2611 474 2696 adjunctorum
499 2610 709 2701 pronuntio,
743 2611 837 2698 quod
869 2609 908 2676 in
933 2592 1161 2677 universitate

150 2740 239 2799 nostra
266 2732 440 2822 Pragensi
472 2733 560 2801 ordo
586 2731 680 2799 infra
706 2734 860 2824 scriptus
892 2732 928 2797 in
961 2727 1095 2808 rotulis,
1122 2727 1160 2794 in

148 2855 278 2922 conciliis
305 2855 552 2938 universitatis,
581 2856 866 2946 processionibus
897 2862 933 2922 et
958 2851 1159 2945 offertoriis,

149 2978 301 3045 etceteris
328 2979 476 3046 actibus,
492 2979 730 3045 universitatis
761 2959 970 3068 praedictae
991 2990 1063 3040 tam
1096 2997 1159 3066 pur

147 3087 218 3164 blica
240 3123 342 3189 quam
362 3101 503 3194 private
528 3101 681 3192 amplius
703 3102 795 3169 etin
818 3109 920 3167 antea
946 3095 1076 3168 debeat
1095 3087 1159 3166 ob·

146 3223 258 3289 seruari.
311 3224 459 3303 Rector,
490 3223 550 3311 qui
584 3246 650 3313 pro
671 3232 836 3313 tempore
863 3221 986 3303 fuerit,
1009 3223 1056 3288 sit
1082 3219 1158 3314 pri-

145 3352 204 3418 111111,
226 3344 353 3410 deinde
376 3345 544 3434 magistri
576 3347 613 3411 in
650 3343 848 3434 theologia,
884 3343 1046 3412 doctores
1071 3343 1157 3432 juris
1220 3363 1234 3427 J

143 3469 287 3547 11111111ὶοί,
305 3468 435 3535 deinde
455 3471 545 3554 juris
571 3469 701 3548 civilis,
722 3467 885 3558 magistri
909 3467 946 3534 in
966 3468 1156 3536 medicina,

143 3576 245 3654 deiude
264 3592 417 3660 decanus
441 3590 621 3657 facultatis
642 3591 784 3672 artium,
807 3589 938 3657 deinde
957 3590 996 3658 in
1015 3589 1156 3686 theolo⁶

140 3699 196 3790 giu,
212 3708 246 3778 in
265 3717 341 3798 jure
356 3712 538 3796 canonico,
559 3712 598 3778 in
621 3713 775 3812 legibus,
795 3724 831 3780 et
851 3715 890 3781 in
911 3712 1088 3780 medicina
1113 3712 1156 3777 li·

140 3831 274 3915 centiati,
298 3835 428 3906 deinde
444 3834 635 3904 baccalarii
654 3835 800 3902 formati
822 3837 859 3903 in
880 3834 1079 3925 theologia,
1096 3832 1156 3921 qui
1257 3848 1263 3861 ¹

139 3949 248 4021 vadant
269 3957 305 4025 iu
332 3958 460 4050 cappis
489 3957 525 4025 iu
547 3960 852 4050 processionibus3
889 3959 918 4026 si
948 3957 1156 4026 mandatum
