<?xml version="1.0" encoding="UTF-8"?>
<!DOCTYPE html PUBLIC "-//W3C//DTD XHTML 1.0 Transitional//EN"
    "http://www.w3.org/TR/xhtml1/DTD/xhtml1-transitional.dtd">
<html xmlns="http://www.w3.org/1999/xhtml" xml:lang="en" lang="en">
 <head>
  <title>
</title>
<meta http-equiv="Content-Type" content="text/html;charset=utf-8" />
  <meta name='ocr-system' content='tesseract 3.04.00' />
  <meta name='ocr-capabilities' content='ocr_page ocr_carea ocr_par ocr_line ocrx_word'/>
</head>
<body>
  <div class='ocr_page' id='page_1' title='image "./liberdecanorumf00unkngoog_0149.png"; bbox 0 0 2700 4732; ppageno 0'>
   <div class='ocr_carea' id='block_1_1' title="bbox 250 271 1257 345">
    <p class='ocr_par' dir='ltr' id='par_1_1' title="bbox 250 271 1257 345">
     <span class='ocr_line' id='line_1_1' title="bbox 250 271 1257 345; baseline -0.003 -2"><span class='ocrx_word' id='word_1_1' title='bbox 250 276 294 344; x_wconf 74' lang='lat' dir='ltr'><strong>Sd</strong></span> <span class='ocrx_word' id='word_1_2' title='bbox 1058 318 1062 330; x_wconf 77' lang='lat'><strong>·</strong></span> <span class='ocrx_word' id='word_1_3' title='bbox 1091 273 1195 345; x_wconf 85' lang='lat' dir='ltr'><strong>Ruhr.</strong></span> <span class='ocrx_word' id='word_1_4' title='bbox 1216 271 1257 342; x_wconf 78' lang='lat' dir='ltr'><strong>V.</strong></span> 
     </span>
    </p>
   </div>
   <div class='ocr_carea' id='block_1_2' title="bbox 187 448 1342 1770">
    <p class='ocr_par' dir='ltr' id='par_1_2' title="bbox 187 448 1342 1770">
     <span class='ocr_line' id='line_1_2' title="bbox 187 448 1301 579; baseline -0.016 -23"><span class='ocrx_word' id='word_1_5' title='bbox 187 448 190 453; x_wconf 21' lang='lat'><strong>¹</strong></span> <span class='ocrx_word' id='word_1_6' title='bbox 253 488 447 556; x_wconf 78' lang='lat' dir='ltr'><strong>lectionum</strong></span> <span class='ocrx_word' id='word_1_7' title='bbox 471 488 508 551; x_wconf 93' lang='lat' dir='ltr'><strong>et</strong></span> <span class='ocrx_word' id='word_1_8' title='bbox 531 476 789 556; x_wconf 69' lang='lat' dir='ltr'><strong>exercitiorum,</strong></span> <span class='ocrx_word' id='word_1_9' title='bbox 809 474 872 542; x_wconf 83' lang='lat' dir='ltr'><strong>sub</strong></span> <span class='ocrx_word' id='word_1_10' title='bbox 897 495 1013 568; x_wconf 80' lang='lat' dir='ltr'><strong>poena</strong></span> <span class='ocrx_word' id='word_1_11' title='bbox 1029 473 1128 542; x_wconf 89' lang='lat' dir='ltr'><strong>unius</strong></span> <span class='ocrx_word' id='word_1_12' title='bbox 1145 471 1301 579; x_wconf 70' lang='lat' dir='ltr'><strong>floroni3</strong></span> 
     </span>
     <span class='ocr_line' id='line_1_3' title="bbox 254 572 1323 693; baseline -0.012 -17"><span class='ocrx_word' id='word_1_13' title='bbox 254 604 432 693; x_wconf 75' lang='lat' dir='ltr'><strong>&amp;siquis</strong></span> <span class='ocrx_word' id='word_1_14' title='bbox 452 572 703 691; x_wconf 81' lang='lat' dir='ltr'><strong>magistrorum</strong></span> <span class='ocrx_word' id='word_1_15' title='bbox 728 596 773 663; x_wconf 89' lang='lat' dir='ltr'><strong>de</strong></span> <span class='ocrx_word' id='word_1_16' title='bbox 797 597 1077 688; x_wconf 79' lang='lat' dir='ltr'>transgressione</span> <span class='ocrx_word' id='word_1_17' title='bbox 1090 593 1206 683; x_wconf 79' lang='lat' dir='ltr'><strong>huJus</strong></span> <span class='ocrx_word' id='word_1_18' title='bbox 1232 604 1323 693; x_wconf 67' lang='lat' dir='ltr'><strong>sta·⁸</strong></span> 
     </span>
     <span class='ocr_line' id='line_1_4' title="bbox 253 696 1304 802; baseline -0.005 -8"><span class='ocrx_word' id='word_1_19' title='bbox 253 727 321 794; x_wconf 91' lang='lat' dir='ltr'><strong>tuti</strong></span> <span class='ocrx_word' id='word_1_20' title='bbox 338 723 519 793; x_wconf 88' lang='lat' dir='ltr'><strong>confessus</strong></span> <span class='ocrx_word' id='word_1_21' title='bbox 541 722 598 787; x_wconf 81' lang='lat' dir='ltr'><strong>vel</strong></span> <span class='ocrx_word' id='word_1_22' title='bbox 627 722 808 789; x_wconf 86' lang='lat' dir='ltr'><strong>convietus</strong></span> <span class='ocrx_word' id='word_1_23' title='bbox 829 721 947 802; x_wconf 76' lang='lat' dir='ltr'><strong>fuerft,</strong></span> <span class='ocrx_word' id='word_1_24' title='bbox 979 728 1141 791; x_wconf 86' lang='lat' dir='ltr'><strong>teneatur</strong></span> <span class='ocrx_word' id='word_1_25' title='bbox 1160 696 1304 791; x_wconf 70' lang='lat' dir='ltr'><strong>¹medie·</strong></span> 
     </span>
     <span class='ocr_line' id='line_1_5' title="bbox 253 827 1342 941; baseline 0.003 -31"><span class='ocrx_word' id='word_1_26' title='bbox 253 853 362 911; x_wconf 81' lang='lat' dir='ltr'><strong>tatem</strong></span> <span class='ocrx_word' id='word_1_27' title='bbox 380 854 499 936; x_wconf 86' lang='lat' dir='ltr'><strong>pastus</strong></span> <span class='ocrx_word' id='word_1_28' title='bbox 523 840 783 941; x_wconf 80' lang='lat' dir='ltr'><strong>exercitiorum,</strong></span> <span class='ocrx_word' id='word_1_29' title='bbox 811 842 839 909; x_wconf 91' lang='lat' dir='ltr'><strong>si</strong></span> <span class='ocrx_word' id='word_1_30' title='bbox 864 843 960 911; x_wconf 85' lang='lat' dir='ltr'><strong>circa</strong></span> <span class='ocrx_word' id='word_1_31' title='bbox 984 842 1156 912; x_wconf 82' lang='lat' dir='ltr'><strong>exercitia</strong></span> <span class='ocrx_word' id='word_1_32' title='bbox 1182 864 1303 913; x_wconf 79' lang='lat' dir='ltr'><strong>exces-</strong></span> <span class='ocrx_word' id='word_1_33' title='bbox 1339 827 1342 837; x_wconf 38' lang='lat'>⁸</span> 
     </span>
     <span class='ocr_line' id='line_1_6' title="bbox 253 962 1303 1051; baseline -0.001 -17"><span class='ocrx_word' id='word_1_34' title='bbox 253 969 358 1045; x_wconf 82' lang='lat' dir='ltr'><strong>serit,</strong></span> <span class='ocrx_word' id='word_1_35' title='bbox 387 962 419 1033; x_wconf 71' lang='lat' dir='ltr'><strong>h</strong></span> <span class='ocrx_word' id='word_1_36' title='bbox 446 987 553 1032; x_wconf 89' lang='lat' dir='ltr'><strong>unum</strong></span> <span class='ocrx_word' id='word_1_37' title='bbox 581 963 775 1042; x_wconf 82' lang='lat' dir='ltr'><strong>florenum,</strong></span> <span class='ocrx_word' id='word_1_38' title='bbox 807 964 970 1051; x_wconf 85' lang='lat' dir='ltr'><strong>quotiens</strong></span> <span class='ocrx_word' id='word_1_39' title='bbox 1003 964 1100 1032; x_wconf 87' lang='lat' dir='ltr'><strong>circa</strong></span> <span class='ocrx_word' id='word_1_40' title='bbox 1128 964 1303 1033; x_wconf 86' lang='lat' dir='ltr'><strong>lectiones</strong></span> 
     </span>
     <span class='ocr_line' id='line_1_7' title="bbox 253 1082 1302 1176; baseline -0.001 -24"><span class='ocrx_word' id='word_1_41' title='bbox 253 1095 488 1174; x_wconf 82' lang='lat' dir='ltr'><strong>transgressus</strong></span> <span class='ocrx_word' id='word_1_42' title='bbox 522 1082 650 1164; x_wconf 88' lang='lat' dir='ltr'><strong>fuerit,</strong></span> <span class='ocrx_word' id='word_1_43' title='bbox 681 1085 821 1152; x_wconf 79' lang='lat' dir='ltr'><strong>solvere</strong></span> <span class='ocrx_word' id='word_1_44' title='bbox 847 1082 1011 1154; x_wconf 83' lang='lat' dir='ltr'>facultati</span> <span class='ocrx_word' id='word_1_45' title='bbox 1029 1085 1161 1153; x_wconf 87' lang='lat' dir='ltr'><strong>artium</strong></span> <span class='ocrx_word' id='word_1_46' title='bbox 1193 1106 1302 1176; x_wconf 85' lang='lat' dir='ltr'><strong>supra</strong></span> 
     </span>
     <span class='ocr_line' id='line_1_8' title="bbox 255 1180 1301 1298; baseline -0.002 -24"><span class='ocrx_word' id='word_1_47' title='bbox 255 1207 402 1293; x_wconf 81' lang='lat' dir='ltr'><strong>dictae3</strong></span> <span class='ocrx_word' id='word_1_48' title='bbox 430 1204 461 1275; x_wconf 74' lang='lat' dir='ltr'><strong>Su</strong></span> <span class='ocrx_word' id='word_1_49' title='bbox 497 1206 525 1273; x_wconf 89' lang='lat' dir='ltr'><strong>si</strong></span> <span class='ocrx_word' id='word_1_50' title='bbox 551 1204 596 1272; x_wconf 91' lang='lat' dir='ltr'><strong>de</strong></span> <span class='ocrx_word' id='word_1_51' title='bbox 618 1205 682 1273; x_wconf 90' lang='lat' dir='ltr'><strong>illa</strong></span> <span class='ocrx_word' id='word_1_52' title='bbox 705 1180 994 1297; x_wconf 85' lang='lat' dir='ltr'><strong>congregatione,</strong></span> <span class='ocrx_word' id='word_1_53' title='bbox 1025 1205 1070 1272; x_wconf 90' lang='lat' dir='ltr'><strong>de</strong></span> <span class='ocrx_word' id='word_1_54' title='bbox 1101 1230 1169 1294; x_wconf 84' lang='lat' dir='ltr'><strong>qua</strong></span> <span class='ocrx_word' id='word_1_55' title='bbox 1199 1229 1301 1298; x_wconf 86' lang='lat' dir='ltr'><strong>prae·</strong></span> 
     </span>
     <span class='ocr_line' id='line_1_9' title="bbox 255 1306 1299 1417; baseline 0.004 -25"><span class='ocrx_word' id='word_1_56' title='bbox 255 1324 424 1405; x_wconf 83' lang='lat' dir='ltr'><strong>mittitur,</strong></span> <span class='ocrx_word' id='word_1_57' title='bbox 451 1325 579 1414; x_wconf 88' lang='lat' dir='ltr'><strong>aliquis</strong></span> <span class='ocrx_word' id='word_1_58' title='bbox 601 1324 646 1391; x_wconf 90' lang='lat' dir='ltr'><strong>de</strong></span> <span class='ocrx_word' id='word_1_59' title='bbox 672 1306 853 1415; x_wconf 80' lang='lat' dir='ltr'><strong>magistris</strong></span> <span class='ocrx_word' id='word_1_60' title='bbox 876 1350 912 1393; x_wconf 86' lang='lat' dir='ltr'><strong>se</strong></span> <span class='ocrx_word' id='word_1_61' title='bbox 941 1327 1157 1408; x_wconf 87' lang='lat' dir='ltr'><strong>absentaret,</strong></span> <span class='ocrx_word' id='word_1_62' title='bbox 1179 1325 1212 1396; x_wconf 75' lang='lat' dir='ltr'><strong>Su</strong></span> <span class='ocrx_word' id='word_1_63' title='bbox 1235 1350 1299 1417; x_wconf 91' lang='lat' dir='ltr'><strong>po·</strong></span> 
     </span>
     <span class='ocr_line' id='line_1_10' title="bbox 257 1448 1301 1529; baseline 0.004 -17"><span class='ocrx_word' id='word_1_64' title='bbox 257 1457 332 1513; x_wconf 86' lang='lat' dir='ltr'><strong>stea</strong></span> <span class='ocrx_word' id='word_1_65' title='bbox 355 1454 525 1515; x_wconf 88' lang='lat' dir='ltr'><strong>statutum</strong></span> <span class='ocrx_word' id='word_1_66' title='bbox 545 1471 614 1516; x_wconf 93' lang='lat' dir='ltr'><strong>non</strong></span> <span class='ocrx_word' id='word_1_67' title='bbox 639 1456 809 1529; x_wconf 84' lang='lat' dir='ltr'><strong>servaret,</strong></span> <span class='ocrx_word' id='word_1_68' title='bbox 833 1458 916 1515; x_wconf 88' lang='lat' dir='ltr'><strong>ante</strong></span> <span class='ocrx_word' id='word_1_69' title='bbox 934 1448 1054 1517; x_wconf 91' lang='lat' dir='ltr'><strong>omnia</strong></span> <span class='ocrx_word' id='word_1_70' title='bbox 1074 1450 1236 1519; x_wconf 83' lang='lat' dir='ltr'><strong>teneatur</strong></span> <span class='ocrx_word' id='word_1_71' title='bbox 1254 1449 1301 1517; x_wconf 88' lang='lat' dir='ltr'><strong>ad</strong></span> 
     </span>
     <span class='ocr_line' id='line_1_11' title="bbox 258 1554 1301 1666; baseline 0.001 -30"><span class='ocrx_word' id='word_1_72' title='bbox 258 1590 395 1660; x_wconf 85' lang='lat' dir='ltr'><strong>poenas</strong></span> <span class='ocrx_word' id='word_1_73' title='bbox 414 1571 637 1663; x_wconf 87' lang='lat' dir='ltr'><strong>praemissas,</strong></span> <span class='ocrx_word' id='word_1_74' title='bbox 661 1582 698 1640; x_wconf 89' lang='lat' dir='ltr'><strong>et</strong></span> <span class='ocrx_word' id='word_1_75' title='bbox 718 1554 764 1640; x_wconf 84' lang='lat' dir='ltr'><strong>de</strong></span> <span class='ocrx_word' id='word_1_76' title='bbox 788 1570 950 1641; x_wconf 88' lang='lat' dir='ltr'><strong>ulteriori</strong></span> <span class='ocrx_word' id='word_1_77' title='bbox 969 1593 1085 1665; x_wconf 86' lang='lat' dir='ltr'><strong>poena</strong></span> <span class='ocrx_word' id='word_1_78' title='bbox 1101 1569 1151 1641; x_wconf 82' lang='lat' dir='ltr'><strong>sit</strong></span> <span class='ocrx_word' id='word_1_79' title='bbox 1169 1571 1209 1641; x_wconf 89' lang='lat' dir='ltr'><strong>iu</strong></span> <span class='ocrx_word' id='word_1_80' title='bbox 1221 1595 1301 1666; x_wconf 77' lang='lat' dir='ltr'><strong>gra.</strong></span> 
     </span>
     <span class='ocr_line' id='line_1_12' title="bbox 256 1692 528 1770; baseline 0.026 -13"><span class='ocrx_word' id='word_1_81' title='bbox 256 1692 307 1763; x_wconf 89' lang='lat' dir='ltr'><strong>tia</strong></span> <span class='ocrx_word' id='word_1_82' title='bbox 330 1693 528 1770; x_wconf 75' lang='lat' dir='ltr'><strong>facultatis,</strong></span> 
     </span>
    </p>
   </div>
   <div class='ocr_carea' id='block_1_3' title="bbox 743 1857 806 1930">
    <p class='ocr_par' dir='ltr' id='par_1_3' title="bbox 743 1857 806 1930">
     <span class='ocr_line' id='line_1_13' title="bbox 743 1857 806 1930; baseline 0.032 -3"><span class='ocrx_word' id='word_1_83' title='bbox 743 1857 806 1930; x_wconf 90' lang='grc'><strong>31.</strong></span> 
     </span>
    </p>
   </div>
   <div class='ocr_carea' id='block_1_4' title="bbox 296 2024 1253 2131">
    <p class='ocr_par' dir='ltr' id='par_1_4' title="bbox 296 2024 1253 2131">
     <span class='ocr_line' id='line_1_14' title="bbox 296 2024 1253 2131; baseline 0.002 -28"><span class='ocrx_word' id='word_1_84' title='bbox 296 2120 300 2127; x_wconf 25' lang='grc' dir='ltr'>Ι</span> <span class='ocrx_word' id='word_1_85' title='bbox 406 2024 467 2103; x_wconf 79' lang='lat' dir='ltr'><strong>De</strong></span> <span class='ocrx_word' id='word_1_86' title='bbox 494 2027 696 2131; x_wconf 77' lang='lat' dir='ltr'><strong>quantitate</strong></span> <span class='ocrx_word' id='word_1_87' title='bbox 718 2041 849 2128; x_wconf 82' lang='lat' dir='ltr'><strong>pastus</strong></span> <span class='ocrx_word' id='word_1_88' title='bbox 875 2027 1140 2103; x_wconf 75' lang='lat' dir='ltr'><strong>exercitiorum·</strong></span> <span class='ocrx_word' id='word_1_89' title='bbox 1245 2091 1253 2105; x_wconf 77' lang='grc'><strong>.</strong></span> 
     </span>
    </p>
   </div>
   <div class='ocr_carea' id='block_1_5' title="bbox 188 2201 1307 3278">
    <p class='ocr_par' dir='ltr' id='par_1_5' title="bbox 188 2201 1307 3278">
     <span class='ocr_line' id='line_1_15' title="bbox 352 2201 1303 2291; baseline -0.003 -19"><span class='ocrx_word' id='word_1_90' title='bbox 352 2204 446 2272; x_wconf 87' lang='lat' dir='ltr'><strong>Item</strong></span> <span class='ocrx_word' id='word_1_91' title='bbox 463 2225 555 2271; x_wconf 90' lang='lat' dir='ltr'><strong>anno</strong></span> <span class='ocrx_word' id='word_1_92' title='bbox 581 2201 716 2269; x_wconf 89' lang='lat' dir='ltr'><strong>domini</strong></span> <span class='ocrx_word' id='word_1_93' title='bbox 738 2201 852 2275; x_wconf 69' lang='lat'><strong>1372.</strong></span> <span class='ocrx_word' id='word_1_94' title='bbox 872 2201 908 2266; x_wconf 91' lang='lat' dir='ltr'><strong>in</strong></span> <span class='ocrx_word' id='word_1_95' title='bbox 928 2201 987 2278; x_wconf 80' lang='lat' dir='ltr'><strong>die</strong></span> <span class='ocrx_word' id='word_1_96' title='bbox 1014 2223 1042 2269; x_wconf 78' lang='lat' dir='ltr'><strong>s,</strong></span> <span class='ocrx_word' id='word_1_97' title='bbox 1066 2202 1217 2291; x_wconf 84' lang='lat' dir='ltr'><strong>Aegidii</strong></span> <span class='ocrx_word' id='word_1_98' title='bbox 1236 2201 1303 2270; x_wconf 84' lang='lat' dir='ltr'><strong>fuit</strong></span> 
     </span>
     <span class='ocr_line' id='line_1_16' title="bbox 259 2321 1304 2420; baseline 0.001 -24"><span class='ocrx_word' id='word_1_99' title='bbox 259 2330 473 2408; x_wconf 84' lang='lat' dir='ltr'><strong>conclusum,</strong></span> <span class='ocrx_word' id='word_1_100' title='bbox 505 2323 600 2413; x_wconf 87' lang='lat' dir='ltr'><strong>quod</strong></span> <span class='ocrx_word' id='word_1_101' title='bbox 627 2323 782 2411; x_wconf 82' lang='lat' dir='ltr'><strong>quilibet</strong></span> <span class='ocrx_word' id='word_1_102' title='bbox 814 2324 1072 2411; x_wconf 84' lang='lat' dir='ltr'><strong>magistrorum,</strong></span> <span class='ocrx_word' id='word_1_103' title='bbox 1102 2325 1162 2412; x_wconf 91' lang='lat' dir='ltr'><strong>qui</strong></span> <span class='ocrx_word' id='word_1_104' title='bbox 1189 2321 1304 2420; x_wconf 82' lang='lat' dir='ltr'><strong>‹lispu-</strong></span> 
     </span>
     <span class='ocr_line' id='line_1_17' title="bbox 258 2445 1305 2539; baseline 0.003 -25"><span class='ocrx_word' id='word_1_105' title='bbox 258 2457 353 2515; x_wconf 86' lang='lat' dir='ltr'><strong>taret</strong></span> <span class='ocrx_word' id='word_1_106' title='bbox 387 2451 423 2514; x_wconf 93' lang='lat' dir='ltr'><strong>in</strong></span> <span class='ocrx_word' id='word_1_107' title='bbox 453 2445 692 2539; x_wconf 83' lang='lat' dir='ltr'><strong>philosophia</strong></span> <span class='ocrx_word' id='word_1_108' title='bbox 724 2453 797 2512; x_wconf 81' lang='lat' dir='ltr'><strong>tam</strong></span> <span class='ocrx_word' id='word_1_109' title='bbox 832 2445 971 2525; x_wconf 87' lang='lat' dir='ltr'><strong>morali,</strong></span> <span class='ocrx_word' id='word_1_110' title='bbox 1006 2468 1109 2533; x_wconf 91' lang='lat' dir='ltr'><strong>quam</strong></span> <span class='ocrx_word' id='word_1_111' title='bbox 1144 2453 1305 2528; x_wconf 88' lang='lat' dir='ltr'><strong>naturali,</strong></span> 
     </span>
     <span class='ocr_line' id='line_1_18' title="bbox 261 2569 1305 2657; baseline 0.008 -25"><span class='ocrx_word' id='word_1_112' title='bbox 261 2591 330 2657; x_wconf 90' lang='lat' dir='ltr'><strong>pro</strong></span> <span class='ocrx_word' id='word_1_113' title='bbox 355 2571 465 2637; x_wconf 86' lang='lat' dir='ltr'><strong>tribus</strong></span> <span class='ocrx_word' id='word_1_114' title='bbox 487 2572 622 2640; x_wconf 83' lang='lat' dir='ltr'><strong>actibus</strong></span> <span class='ocrx_word' id='word_1_115' title='bbox 648 2569 683 2633; x_wconf 92' lang='lat' dir='ltr'><strong>in</strong></span> <span class='ocrx_word' id='word_1_116' title='bbox 717 2569 916 2656; x_wconf 82' lang='lat' dir='ltr'><strong>septimana</strong></span> <span class='ocrx_word' id='word_1_117' title='bbox 937 2595 958 2637; x_wconf 87' lang='lat' dir='ltr'><strong>a</strong></span> <span class='ocrx_word' id='word_1_118' title='bbox 982 2569 1049 2635; x_wconf 92' lang='lat' dir='ltr'><strong>suis</strong></span> <span class='ocrx_word' id='word_1_119' title='bbox 1079 2574 1305 2644; x_wconf 78' lang='lat' dir='ltr'><strong>exercitanti·</strong></span> 
     </span>
     <span class='ocr_line' id='line_1_19' title="bbox 260 2689 1307 2784; baseline 0.009 -30"><span class='ocrx_word' id='word_1_120' title='bbox 260 2691 334 2769; x_wconf 87' lang='lat' dir='ltr'><strong>bus,</strong></span> <span class='ocrx_word' id='word_1_121' title='bbox 368 2689 539 2758; x_wconf 84' lang='lat' dir='ltr'><strong>duntaxat</strong></span> <span class='ocrx_word' id='word_1_122' title='bbox 569 2692 794 2771; x_wconf 80' lang='lat' dir='ltr'><strong>habentibus,</strong></span> <span class='ocrx_word' id='word_1_123' title='bbox 831 2717 900 2760; x_wconf 92' lang='lat' dir='ltr'><strong>non</strong></span> <span class='ocrx_word' id='word_1_124' title='bbox 924 2695 1045 2776; x_wconf 89' lang='lat' dir='ltr'><strong>minus,</strong></span> <span class='ocrx_word' id='word_1_125' title='bbox 1079 2718 1183 2784; x_wconf 82' lang='lat' dir='ltr'><strong>quam</strong></span> <span class='ocrx_word' id='word_1_126' title='bbox 1203 2719 1307 2765; x_wconf 90' lang='lat' dir='ltr'><strong>uuum</strong></span> 
     </span>
     <span class='ocr_line' id='line_1_20' title="bbox 188 2815 1305 2912; baseline 0.007 -32"><span class='ocrx_word' id='word_1_127' title='bbox 188 2850 192 2855; x_wconf 96' lang='lat'>·</span> <span class='ocrx_word' id='word_1_128' title='bbox 258 2816 432 2885; x_wconf 86' lang='lat' dir='ltr'><strong>florenum</strong></span> <span class='ocrx_word' id='word_1_129' title='bbox 460 2815 507 2881; x_wconf 92' lang='lat' dir='ltr'><strong>ad</strong></span> <span class='ocrx_word' id='word_1_130' title='bbox 538 2817 698 2903; x_wconf 89' lang='lat' dir='ltr'><strong>quartale</strong></span> <span class='ocrx_word' id='word_1_131' title='bbox 725 2817 808 2884; x_wconf 81' lang='lat' dir='ltr'><strong>anni</strong></span> <span class='ocrx_word' id='word_1_132' title='bbox 833 2842 901 2909; x_wconf 91' lang='lat' dir='ltr'><strong>pro</strong></span> <span class='ocrx_word' id='word_1_133' title='bbox 932 2820 1001 2885; x_wconf 87' lang='lat' dir='ltr'><strong>suis</strong></span> <span class='ocrx_word' id='word_1_134' title='bbox 1031 2822 1230 2912; x_wconf 80' lang='lat' dir='ltr'><strong>susciperet</strong></span> <span class='ocrx_word' id='word_1_135' title='bbox 1254 2823 1305 2888; x_wconf 86' lang='lat' dir='ltr'><strong>la·&#39;</strong></span> 
     </span>
     <span class='ocr_line' id='line_1_21' title="bbox 259 2916 1305 3033; baseline 0.006 -27"><span class='ocrx_word' id='word_1_136' title='bbox 259 2940 417 3022; x_wconf 84' lang='lat' dir='ltr'><strong>boribus,</strong></span> <span class='ocrx_word' id='word_1_137' title='bbox 440 2939 471 3011; x_wconf 66' lang='lat'><strong>85</strong></span> <span class='ocrx_word' id='word_1_138' title='bbox 495 2916 572 3009; x_wconf 88' lang='lat' dir='ltr'><strong>oum</strong></span> <span class='ocrx_word' id='word_1_139' title='bbox 593 2938 662 3009; x_wconf 86' lang='lat' dir='ltr'><strong>hoc</strong></span> <span class='ocrx_word' id='word_1_140' title='bbox 688 2942 775 3033; x_wconf 87' lang='lat' dir='ltr'><strong>ipsis</strong></span> <span class='ocrx_word' id='word_1_141' title='bbox 798 2942 956 3033; x_wconf 84' lang='lat' dir='ltr'><strong>legendo</strong></span> <span class='ocrx_word' id='word_1_142' title='bbox 973 2943 1084 3016; x_wconf 90' lang='lat' dir='ltr'><strong>solum</strong></span> <span class='ocrx_word' id='word_1_143' title='bbox 1105 2968 1213 3013; x_wconf 92' lang='lat' dir='ltr'><strong>unam</strong></span> <span class='ocrx_word' id='word_1_144' title='bbox 1235 2948 1305 3014; x_wconf 82' lang='lat' dir='ltr'><strong>lea·</strong></span> 
     </span>
     <span class='ocr_line' id='line_1_22' title="bbox 258 3063 1305 3156; baseline 0.009 -30"><span class='ocrx_word' id='word_1_145' title='bbox 258 3063 394 3131; x_wconf 92' lang='lat' dir='ltr'><strong>tionem</strong></span> <span class='ocrx_word' id='word_1_146' title='bbox 419 3063 545 3155; x_wconf 82' lang='lat' dir='ltr'><strong>gratis,</strong></span> <span class='ocrx_word' id='word_1_147' title='bbox 578 3087 679 3152; x_wconf 91' lang='lat' dir='ltr'><strong>quam</strong></span> <span class='ocrx_word' id='word_1_148' title='bbox 713 3065 754 3132; x_wconf 93' lang='lat' dir='ltr'><strong>in</strong></span> <span class='ocrx_word' id='word_1_149' title='bbox 788 3064 947 3156; x_wconf 85' lang='lat' dir='ltr'><strong>publico,</strong></span> <span class='ocrx_word' id='word_1_150' title='bbox 976 3065 1005 3132; x_wconf 85' lang='lat' dir='ltr'><strong>si</strong></span> <span class='ocrx_word' id='word_1_151' title='bbox 1031 3066 1151 3135; x_wconf 84' lang='lat' dir='ltr'><strong>locum</strong></span> <span class='ocrx_word' id='word_1_152' title='bbox 1170 3064 1305 3136; x_wconf 82' lang='lat' dir='ltr'><strong>habere</strong></span> 
     </span>
     <span class='ocr_line' id='line_1_23' title="bbox 259 3185 952 3278; baseline 0.004 -27"><span class='ocrx_word' id='word_1_153' title='bbox 259 3185 407 3275; x_wconf 87' lang='lat' dir='ltr'><strong>poterit,</strong></span> <span class='ocrx_word' id='word_1_154' title='bbox 437 3206 519 3251; x_wconf 86' lang='lat' dir='ltr'><strong>cum</strong></span> <span class='ocrx_word' id='word_1_155' title='bbox 545 3185 736 3278; x_wconf 84' lang='lat' dir='ltr'><strong>diligentia</strong></span> <span class='ocrx_word' id='word_1_156' title='bbox 756 3186 952 3278; x_wconf 84' lang='lat' dir='ltr'><strong>compleat.</strong></span> 
     </span>
    </p>
   </div>
   <div class='ocr_carea' id='block_1_6' title="bbox 744 3371 806 3445">
    <p class='ocr_par' dir='ltr' id='par_1_6' title="bbox 744 3371 806 3445">
     <span class='ocr_line' id='line_1_24' title="bbox 744 3371 806 3445; baseline 0.081 -5"><span class='ocrx_word' id='word_1_157' title='bbox 744 3371 806 3445; x_wconf 74' lang='lat'><strong>32.</strong></span> 
     </span>
    </p>
   </div>
   <div class='ocr_carea' id='block_1_7' title="bbox 167 3510 1309 4118">
    <p class='ocr_par' dir='ltr' id='par_1_7' title="bbox 167 3510 1309 4118">
     <span class='ocr_line' id='line_1_25' title="bbox 353 3510 1308 3627; baseline 0.006 -31"><span class='ocrx_word' id='word_1_158' title='bbox 353 3529 451 3599; x_wconf 90' lang='lat' dir='ltr'><strong>Item</strong></span> <span class='ocrx_word' id='word_1_159' title='bbox 475 3556 566 3602; x_wconf 93' lang='lat' dir='ltr'><strong>anno</strong></span> <span class='ocrx_word' id='word_1_160' title='bbox 579 3510 733 3602; x_wconf 87' lang='lat' dir='ltr'><strong>Domini</strong></span> <span class='ocrx_word' id='word_1_161' title='bbox 749 3534 862 3607; x_wconf 87' lang='grc'><strong>1393.</strong></span> <span class='ocrx_word' id='word_1_162' title='bbox 884 3535 943 3603; x_wconf 91' lang='lat' dir='ltr'><strong>die</strong></span> <span class='ocrx_word' id='word_1_163' title='bbox 964 3539 1026 3608; x_wconf 74' lang='lat'><strong>27.</strong></span> <span class='ocrx_word' id='word_1_164' title='bbox 1054 3541 1185 3607; x_wconf 86' lang='lat' dir='ltr'><strong>mensis</strong></span> <span class='ocrx_word' id='word_1_165' title='bbox 1212 3535 1308 3627; x_wconf 81' lang='lat' dir='ltr'><strong>Maji</strong></span> 
     </span>
     <span class='ocr_line' id='line_1_26' title="bbox 258 3655 1309 3750; baseline 0.01 -28"><span class='ocrx_word' id='word_1_166' title='bbox 258 3655 354 3725; x_wconf 83' lang='lat' dir='ltr'><strong>facta</strong></span> <span class='ocrx_word' id='word_1_167' title='bbox 382 3657 492 3746; x_wconf 90' lang='lat' dir='ltr'><strong>plena</strong></span> <span class='ocrx_word' id='word_1_168' title='bbox 518 3657 802 3747; x_wconf 82' lang='lat' dir='ltr'><strong>congregatione</strong></span> <span class='ocrx_word' id='word_1_169' title='bbox 828 3659 1079 3750; x_wconf 79' lang='lat' dir='ltr'><strong>magistrorum</strong></span> <span class='ocrx_word' id='word_1_170' title='bbox 1099 3664 1201 3731; x_wconf 89' lang='lat' dir='ltr'><strong>nullo</strong></span> <span class='ocrx_word' id='word_1_171' title='bbox 1225 3684 1309 3748; x_wconf 82' lang='lat' dir='ltr'><strong>eou-</strong></span> 
     </span>
     <span class='ocr_line' id='line_1_27' title="bbox 257 3777 1309 3879; baseline 0.01 -35"><span class='ocrx_word' id='word_1_172' title='bbox 257 3777 459 3845; x_wconf 85' lang='lat' dir='ltr'><strong>tradiceute</strong></span> <span class='ocrx_word' id='word_1_173' title='bbox 482 3779 683 3846; x_wconf 79' lang='lat' dir='ltr'><strong>conclusum</strong></span> <span class='ocrx_word' id='word_1_174' title='bbox 706 3779 787 3863; x_wconf 85' lang='lat' dir='ltr'><strong>fuit,</strong></span> <span class='ocrx_word' id='word_1_175' title='bbox 816 3782 909 3870; x_wconf 89' lang='lat' dir='ltr'><strong>quod</strong></span> <span class='ocrx_word' id='word_1_176' title='bbox 937 3784 1090 3872; x_wconf 85' lang='lat' dir='ltr'><strong>quilibet</strong></span> <span class='ocrx_word' id='word_1_177' title='bbox 1117 3788 1309 3879; x_wconf 79' lang='lat' dir='ltr'><strong>magistro·</strong></span> 
     </span>
     <span class='ocr_line' id='line_1_28' title="bbox 258 3897 1309 3997; baseline 0.009 -32"><span class='ocrx_word' id='word_1_178' title='bbox 258 3921 336 3969; x_wconf 83' lang='lat' dir='ltr'><strong>rum</strong></span> <span class='ocrx_word' id='word_1_179' title='bbox 364 3919 430 3987; x_wconf 86' lang='lat' dir='ltr'><strong>per</strong></span> <span class='ocrx_word' id='word_1_180' title='bbox 456 3897 617 3965; x_wconf 80' lang='lat' dir='ltr'><strong>medium</strong></span> <span class='ocrx_word' id='word_1_181' title='bbox 644 3924 770 3971; x_wconf 91' lang='lat' dir='ltr'><strong>annum</strong></span> <span class='ocrx_word' id='word_1_182' title='bbox 798 3903 982 3995; x_wconf 88' lang='lat' dir='ltr'><strong>disputans</strong></span> <span class='ocrx_word' id='word_1_183' title='bbox 1005 3905 1042 3972; x_wconf 90' lang='lat' dir='ltr'><strong>in</strong></span> <span class='ocrx_word' id='word_1_184' title='bbox 1067 3905 1192 3997; x_wconf 79' lang='lat' dir='ltr'><strong>logica</strong></span> <span class='ocrx_word' id='word_1_185' title='bbox 1223 3908 1309 3977; x_wconf 82' lang='lat' dir='ltr'><strong>Ari·</strong></span> 
     </span>
     <span class='ocr_line' id='line_1_29' title="bbox 167 4018 1302 4118; baseline 0.011 -31"><span class='ocrx_word' id='word_1_186' title='bbox 167 4083 170 4087; x_wconf 82' lang='lat'>.</span> <span class='ocrx_word' id='word_1_187' title='bbox 257 4018 398 4089; x_wconf 86' lang='lat' dir='ltr'><strong>stotelis</strong></span> <span class='ocrx_word' id='word_1_188' title='bbox 416 4020 566 4112; x_wconf 82' lang='lat' dir='ltr'><strong>sin&#39;gulis</strong></span> <span class='ocrx_word' id='word_1_189' title='bbox 587 4021 710 4095; x_wconf 90' lang='lat' dir='ltr'><strong>diebus</strong></span> <span class='ocrx_word' id='word_1_190' title='bbox 727 4025 929 4118; x_wconf 88' lang='lat' dir='ltr'><strong>disputabit</strong></span> <span class='ocrx_word' id='word_1_191' title='bbox 948 4050 1014 4118; x_wconf 91' lang='lat' dir='ltr'><strong>per</strong></span> <span class='ocrx_word' id='word_1_192' title='bbox 1036 4049 1141 4112; x_wconf 84' lang='lat' dir='ltr'><strong>unam</strong></span> <span class='ocrx_word' id='word_1_193' title='bbox 1159 4027 1302 4118; x_wconf 73' lang='lat' dir='ltr'><strong>horam,</strong></span> 
     </span>
    </p>
   </div>
   <div class='ocr_carea' id='block_1_8' title="bbox 0 0 1361 4732">
    <p class='ocr_par' dir='ltr' id='par_1_8' title="bbox 0 0 1361 4732">
     <span class='ocr_line' id='line_1_30' title="bbox 0 0 1361 4732; baseline 0 0"><span class='ocrx_word' id='word_1_194' title='bbox 0 0 1361 4732; x_wconf 95' lang='lat' dir='ltr'><strong> </strong></span> 
     </span>
    </p>
   </div>
  </div>
 </body>
</html>
