2714 4740
1094 295 1201 372 liubr.
1226 301 1268 379 Y.

765 497 798 566 3.

358 639 469 736 Quod
487 637 604 719 nullm
629 622 849 716 ordimrium
876 636 978 718 debet
998 656 1222 743 permutare.

358 789 453 857 Item
487 792 524 859 in
558 789 669 881 plena
700 788 980 880 congregatione
1009 789 1195 859 facultatis
1232 818 1315 863 con·

261 910 395 983 clusum
421 913 502 998 fuit,
528 915 624 1002 quod
649 911 768 980 nullus
797 912 1048 1003 magistrorum
1079 909 1235 982 deberet
1259 940 1315 986 or·

260 1035 439 1103 dinarium
473 1058 569 1103 suum
604 1043 807 1126 permutare
833 1035 870 1100 in
897 1041 1021 1115 antea,
1057 1018 1120 1102 sed
1161 1035 1315 1108 deberet

262 1179 342 1224 eum
369 1158 575 1225 continuare
602 1150 995 1225 secundum‘statutum
1029 1154 1218 1225 facultatis
1252 1163 1314 1232 snb

263 1302 380 1371 poena
400 1280 470 1348 sibi
497 1305 565 1372 per
588 1280 802 1349 facultatem
827 1280 1055 1371 injungenda.

762 1423 797 1496 4.

164 1587 167 1596 ’
287 1565 444 1668 Antiqui
464 1561 549 1643 libri
570 1563 669 1644 ultra
681 1573 815 1667 festum
836 1588 864 1644 s.
896 1563 995 1642 Galli
1014 1591 1083 1642 non
1103 1566 1287 1674 legantur.

367 1719 462 1788 Item
499 1717 591 1806 quod
623 1716 737 1787 nullus
773 1715 956 1784 continuet
982 1715 1115 1785 librum
1148 1717 1305 1806 aliquem

261 1844 356 1914 nitra
376 1842 506 1908 festum
527 1863 553 1906 s.
580 1838 694 1922 Galli,
721 1837 783 1904 sed
807 1836 926 1920 finiat,
948 1838 976 1904 si
1001 1845 1134 1928 potest,
1160 1845 1224 1906 aut
1258 1837 1311 1904 ‹li-

262 1968 384 2035 mittat
402 1962 439 2031 in
461 1963 580 2050 aliquo
599 1971 702 2029 certo
725 1961 805 2030 loco
835 1959 933 2043 libri,
963 1983 1010 2026 ne
1039 1959 1226 2029 ordinarie
1244 1983 1311 2055 pro

12 2162 16 2175 ,
140 2180 144 2189 ι
187 2179 191 2186 t
263 2098 347 2156 tunc
371 2085 555 2175 legentem
574 2082 611 2149 in
633 2082 755 2171 aliquo
773 2082 892 2150 valeat
912 2080 1106 2174 impedire.
1174 2099 1175 2102 ’

376 2360 564 2440 ordinarii
582 2388 651 2442 non
671 2366 924 2442 continuantur
946 2355 1065 2438 diebus
1079 2361 1203 2458 sestis.

357 2519 453 2587 Item
467 2519 503 2585 in
523 2517 595 2586 alia
616 2516 897 2607 congregatione
921 2510 1082 2603 magistri
1105 2505 1311 2580 statuerunt,

262 2654 301 2713 ut
320 2641 434 2710 nullue
455 2641 707 2730 magistrorum
728 2660 826 2705 suum
850 2635 1074 2705 ordinarium
1100 2632 1310 2701 continuare

224 2804 230 2812 ·
263 2768 415 2834 deberet
443 2763 567 2831 diebus
586 2761 749 2850 festivis3
778 2736 870 2850 ¹quod
901 2759 931 2826 si
957 2779 1057 2827 secus
1089 2752 1234 2838 feccrit,
1252 2751 1312 2823 de·

262 2887 364 2956 beret
383 2884 500 2956 subire
525 2906 676 2976 poenam
697 2882 842 2951 dimidii
862 2878 1003 2958 floreni.
1064 2950 1068 2964 ,
1171 2919 1179 2947 t

765 3046 805 3126 6·

290 3190 400 3298 Quod
429 3190 635 3289 ordinariis
669 3193 839 3298 ntegistri
873 3187 1065 3270 recedentis
1100 3203 1212 3266 uarat
1224 3186 1291 3286 fa·

714 3318 857 3394 cultati.

368 3460 464 3527 Item
493 3460 559 3533 et.
592 3461 653 3530 die
685 3463 815 3531 mensis
851 3461 1067 3532 Novembris
1106 3440 1312 3541 conclusam

236 3577 340 3662 fuit,
367 3581 397 3647 si
416 3582 544 3669 aliquis
571 3585 744 3675 magister
772 3586 959 3652 recederet
983 3590 1066 3649 ante
1093 3577 1216 3648 natale
1239 3580 1313 3649 llo·

261 3699 371 3778 mini,
399 3698 430 3768 8c
460 3699 592 3772 librum
633 3727 731 3772 suum
766 3704 947 3774 ordinarie
981 3703 1136 3771 electum
1172 3701 1313 3769 decano

261 3817 445 3888 facultatis
478 3846 549 3891 non
574 3828 783 3917 resignaret,
809 3836 962 3920 propter
986 3824 1066 3910 hoc,
1094 3826 1175 3914 quia
1200 3826 1313 3897 habe·

261 3950 318 4007 ret
334 3945 560 4034 propositum
585 3952 708 4017 statim
738 3962 820 4044 post
843 3952 1070 4020 nativitatem
1093 3950 1242 4021 Domini
1262 3947 1311 4018 ad

246 4062 415 4133 ,studium
437 4067 628 4157 redeundi,
655 4075 751 4163 quod
775 4075 856 4154 talis
883 4076 978 4143 liber
1002 4075 1153 4145 deberet
1179 4083 1310 4142 vacare

262 4181 438 4270 facultati,
467 4187 501 4262 a
531 4195 625 4282 quod
648 4205 732 4267 ante
755 4195 888 4270 festum
914 4197 1044 4268 natalis
1064 4194 1216 4266 Domini
1244 4217 1313 4289 per
