2700 4732
104 240 169 315 316

106 437 214 534 gandi
229 434 404 507 lectiones
423 434 462 503 in
479 434 635 526 privato,
660 436 699 499 et
724 428 769 499 ad
792 430 1048 522 corrigendum
1082 434 1159 511 lite-

106 580 163 631 ras
180 554 312 627 dandas
333 579 401 649 per
417 553 648 625 facultatem:
672 572 766 642 mag.
783 549 992 643 Stephanus
1023 556 1072 625 de
1094 558 1157 629 Pa·

107 680 197 766 leoz,
221 702 316 773 mag.
340 674 548 748 waltherus
576 676 798 747 Harrasnaur
830 678 958 773 (supra
986 672 1157 767 Hama-

106 794 194 893 Μ),
218 822 315 893 mag.
331 801 489 870 somnes
500 794 731 891 Ebbirspacb
752 804 791 865 ct
805 818 904 889 mag.
920 798 1157 901 Marquardm

113 921 317 994 Crineman.

203 1048 325 1129 Anno,
356 1065 425 1134 quo
456 1062 573 1135 supra,
599 1037 659 1108 die
688 1039 749 1112 21.
779 1041 909 1111 mensis
937 1042 1156 1117 Novembris

108 1164 260 1239 facultas
279 1170 405 1235 artium
423 1162 643 1257 dispensavit
663 1160 708 1231 de
731 1162 876 1233 biennio
897 1188 987 1237 cum
998 1170 1157 1241 Sandoro

109 1288 157 1359 de
182 1286 400 1360 Perleberoh
420 1295 458 1355 ot
484 1284 553 1354 iste
582 1281 683 1350 dedit
704 1282 854 1363 bursam,
894 1286 946 1357 20
966 1310 1085 1379 grona.

205 1411 301 1481 Item
318 1412 355 1483 9.
374 1409 433 1478 die
454 1407 667 1482 Decembris
693 1403 843 1476 facultas
858 1408 991 1479 artium
1017 1410 1155 1503 dispeu-

110 1534 203 1606 ravit
228 1556 311 1602 cum
341 1531 449 1601 Petro
478 1526 723 1619 'runchingen
754 1536 793 1597 ct
824 1512 987 1599 distulit
1006 1542 1156 1625 propter

110 1676 250 1724 causam
266 1652 468 1748 legitimam
489 1670 585 1719 suam
606 1649 943 1749 determinationem
956 1650 1050 1727 ultra
1066 1660 1153 1721 tern-

110 1796 178 1872 pru
201 1776 239 1847 in
254 1776 396 1844 statutis
420 1794 641 1867 expressum.

209 1895 305 1965 Item
324 1897 450 1965 eodem
475 1895 536 1964 die
558 1893 712 1962 facultas
733 1892 917 1986 praedicta
935 1892 1157 1987 dispensavit

112 2020 169 2088 de
182 2019 327 2087 biennio
351 2040 429 2088 cum
446 2017 653 2088 Christiano
684 2015 731 2085 da
754 2015 933 2087 Zeltawia
959 2013 1154 2096 secondum

114 2137 267 2209 formam
293 2140 427 2218 statuti,
965 2212 968 2217 ,

200 2236 305 2331 'Item
330 2262 392 2334 16.
414 2263 474 2332 die
498 2259 705 2333 Decembris
729 2258 951 2353 dispensavit
976 2256 1154 2352 praedicta

114 2381 264 2454 facultas
282 2408 362 2459 cum
377 2384 527 2466 Nicolao
538 2385 685 2476 Crodyn
703 2408 771 2478 pro
790 2384 969 2453 dilatione
994 2379 1153 2455 determi-

113 2507 276 2580 nationis.

208 2628 412 2729 Itemuanno
434 2630 593 2715 Domini,
619 2651 690 2720 qno
723 2651 843 2729 supra,
868 2628 915 2706 9.‘
939 2630 1002 2701 die
1032 2627 1149 2699 mensis

114 2751 324 2823 Decembris
355 2751 462 2820 electi
497 2750 640 2822 fuerunt
677 2752 935 2823 examinatores
968 2752 1148 2823 baccalari-

114 2873 283 2942 andorom
316 2873 361 2941 de
390 2884 541 2963 quatuor
573 2876 786 2965 nationibus,
819 2875 898 2943 scil.
928 2900 1028 2971 mag.
1054 2878 1145 2947 dosa.

115 2997 160 3066 de
185 2995 328 3081 Motha,
347 3019 446 3088 mag.
470 2999 585 3069 Henr.
600 3000 827 3088 Riobenyca
850 3023 948 3092 mag.
965 3004 1071 3072 Joan.
1084 3000 1145 3089 Ey-

113 3127 198 3203 stet,
219 3126 255 3185 et
270 3142 365 3210 mag.
381 3121 591 3191 Laurentius
612 3121 756 3203 Storcb,
782 3129 820 3187 et
845 3122 1069 3191 admiserunt
1087 3120 1144 3189 lsoc

116 3240 244 3309 ordine
280 3241 376 3311 infra
404 3243 577 3335 scriptos:
614 3243 867 3337 Engelhardus
898 3242 1145 3337 Wolfsteyncr,
1173 3225 1175 3229 ¹

114 3362 285 3431 Nicolaus
322 3362 369 3432 de
398 3364 634 3457 Podwynye,
677 3366 851 3435 Henrieus
882 3364 1076 3459 Mestelyn
1107 3364 1145 3435 ds

113 3481 323 3567 purcheim,
369 3486 572 3557 Matthaeus
612 3489 794 3558 Dominici
834 3490 879 3558 de
914 3489 1144 3573 wratislaum

111 3603 328 3679 Adalbertua
356 3606 404 3676 de
424 3608 640 3703 Smylkow,
674 3608 821 3683 Ulricus
848 3608 1072 3701 Harlatavr,¹
1091 3612 1143 3685 lli·

111 3727 231 3798 colam
262 3729 432 3824 Kraghe,
467 3732 686 3827 Dyepoldus
716 3732 763 3802 de
800 3733 1016 3823 Woduanc,
1050 3738 1146 3809 Joau.

111 3852 305 3940 symonis,
327 3853 504 3925 Hernicus
526 3855 573 3925 de
590 3853 813 3941 Herafeldia,
837 3856 996 3931 swanus
1016 3860 1146 3939 Diores,

113 3975 285 4066 Aegidius
314 3968 361 4045 tle
380 3979 519 4071 Praga,
551 3976 766 4051 Francisous
789 3978 937 4055 Plauer.
964 3980 1032 4056 dd.
1064 3980 1146 4059 Gou-
