2714 4740
236 224 337 330 'aaa

359 440 504 524 Eodem
521 468 614 518 anno
637 442 698 513 die
721 439 783 517 11.
806 424 1001 512 Februarii
1029 440 1130 523 Petr.
1148 443 1259 539 Geor
1279 420 1329 522 ln.

264 576 364 670 cepit
384 575 420 645 in
447 572 581 642 artibus
612 567 679 648 sub
712 587 805 656 mag.
841 564 954 633 Petro
977 565 1128 655 l’oaerm
1158 570 1228 641 rub
1260 594 1325 664 qm

263 696 392 771 eodem
411 694 471 764 die
494 695 604 766 doun.
632 690 784 781 Seolym
808 684 1079 773 determinavit.

359 820 467 889 Anno
498 815 627 886 eodem
661 808 724 880 die
755 809 791 881 6.
823 809 1010 878 Februarii
1034 813 1196 883 Joanner
1220 814 1324 887 Brul-

260 940 334 1012 kof
348 939 478 1037 (supra
498 929 678 1043 ΒζΙηᾶοῇ)
698 942 735 1004 et
768 933 933 1004 Andreas
956 922 1166 1007 Yuterbach
1185 912 1320 1038 'stupra

262 1052 482 1162 Jvterborb)
508 1063 597 1134 dett.
618 1060 680 1128 sub
707 1078 803 1148 mag.
833 1054 1055 1144 Marquardo
1072 1059 1249 1149 Kryman.

359 1184 500 1257 Eodem
521 1205 614 1253 anno
646 1179 705 1248 die
743 1180 783 1255 9.
816 1177 1006 1248 Februarii
1038 1180 1200 1251 Joaunea
1225 1184 1317 1255 nuc*

237 1302 241 1313 ⁸
263 1329 351 1381 ozan
373 1307 449 1379 det.
469 1305 532 1375 sub
562 1324 662 1396 mag.
680 1302 789 1371 Petro
812 1298 1083 1371 Nemecuoweas
1105 1285 1316 1402 (supram-

262 1430 525 1540 noyczyems').

361 1555 503 1626 Eodem
523 1571 615 1621 anno
638 1545 697 1619 die
728 1547 791 1620 16.
814 1545 1002 1619 Februarii
1021 1543 1211 1638 Sylveator
1227 1548 1311 1623 Lu.

262 1674 370 1748 sotha
390 1676 463 1743 det.
484 1673 551 1743 sub
573 1692 668 1762 mag.
697 1668 819 1745 Nicol.
840 1670 981 1761 llrurge.

358 1795 499 1865 Eodem
525 1791 584 1861 die
608 1791 733 1861 Simon
748 1788 957 1878 Gerztman,
973 1790 1179 1865 licentiatus
1198 1795 1237 1867 iu
1256 1820 1310 1868 ar·

261 1916 367 2014 tibus,
382 1913 522 2007 incepit
552 1914 617 1982 sub
637 1934 735 2003 mag.
761 1913 900 1980 Joanne
922 1894 1085 1987 Sandan.

356 2037 498 2107 Eodem
519 2057 610 2103 anno
635 2034 694 2103 die
717 2035 779 2107 18.
798 2034 990 2112 Februarii
1009 2038 1132 2111 Petrus
1150 2040 1306 2115 lundes·

256 2184 350 2257 perg
372 2169 408 2228 et
430 2157 555 2238 Nicol.
576 2155 784 2248 Wyndyss,
808 2157 986 2227 licentiati
1012 2161 1219 2254 inertibus,
1245 2169 1305 2237 ob·

256 2286 437 2358 tinuerunt
461 2279 706 2350 dimissionem
726 2282 850 2351 bursae
869 2280 1054 2351 facultatis
1075 2285 1121 2354 ad
1141 2286 1304 2384 pinguio.

256 2431 334 2482 rem
355 2408 538 2477 fortunam
565 2426 645 2472 cum
668 2402 832 2473 adductis
855 2405 1018 2480 testibus.

353 2530 462 2600 Auno
480 2528 608 2598 eodem
624 2524 682 2593 die
702 2524 765 2598 19.
786 2522 973 2596 Februarii
984 2526 1188 2601 Hartwicus
1196 2530 1301 2629 Grip.

255 2672 316 2745 pe,
329 2648 535 2716 licentiatus
553 2646 591 2713 in
612 2645 761 2732 artibus,
773 2644 912 2738 incepit
930 2647 966 2715 in
988 2647 1123 2721 eisdem
1134 2654 1202 2723 cub
1214 2676 1301 2755 mag.

254 2766 452 2863 Ludolpho
475 2768 709 2851 Masterman,
735 2769 799 2839 sub
821 2790 890 2857 quo
913 2768 1039 2840 eodem
1057 2771 1299 2849 die'l'beodo·

253 2897 347 2968 ricus
375 2891 556 2984 Geysmar
576 2891 842 2973 determinavit,

345 3012 486 3081 Eodem
503 3035 592 3081 anno
609 3013 669 3080 die
687 3014 751 3085 20.
771 3013 1089 3090 FebruariiNicol.
1102 3017 1297 3131 Wynd5u‚

248 3135 453 3206 licentiatus
477 3136 514 3203 in
546 3135 688 3221 artibus,
720 3135 859 3227 incepit
889 3137 954 3205 sub
985 3158 1084 3231 mag.
1106 3138 1294 3216 Francinon

250 3258 498 3347 Kreyzwycz.

338 3376 451 3469 'Anno
475 3377 602 3470 eodem
629 3402 726 3474 mag.
748 3382 904 3452 Joanncs
929 3382 1023 3454 Huss
1050 3348 1210 3457 obtinuit
1224 3386 1292 3461 dit·

246 3506 495 3604 pensationem
520 3503 656 3573 biennii
680 3529 748 3599 pro
773 3506 1001 3597 Hieronymo
1024 3506 1079 3575 de'
1095 3488 1229 3601 Frugi.

343 3630 451 3700 Anno
491 3627 617 3695 eodem
640 3629 786 3698 Marcus
810 3629 855 3697 de
886 3628 1048 3713 Gnezua,
1077 3628 1289 3731 licentiatus,

246 3749 403 3822 obtinuit
438 3739 682 3818 dimissionem
711 3750 832 3820 bursae
866 3748 912 3818 ad
952 3748 1185 3843 pinguiorem
1222 3752 1288 3823 for·

248 3878 386 3943 tunam·

339 3989 478 4057 Eodem
495 4012 588 4061 arrno
598 3991 657 4060 die
668 3989 731 4067 ol.
744 3984 1103 4061 Februariidoannea
1113 3990 1291 4075 Audacia.

244 4108 460 4197 licentiatus,
483 4110 622 4206 incepit
643 4115 707 4180 sub
726 4135 820 4205 mag.
844 4107 990 4180 Andrea
1018 4108 1065 4179 de
1081 4107 1215 4187 Brulla.
1260 4152 1290 4173 -.
