2714 4740
150 306 214 374 ns
322 305 393 341 ··
585 251 610 279 '⁸
988 304 1166 379 nure-x.

150 505 208 594 qui
234 505 420 572 teneantur
440 519 520 566 cunr
542 494 679 564 decano
697 517 765 586 pro
788 518 892 588 posse
915 516 979 570 suo
1002 504 1193 597 respicere

150 626 245 716 quoal
274 610 404 692 statuta
442 619 623 688 facultatis
659 617 815 688 firmiter
851 613 1110 712 observentur,
1149 628 1193 697 sir

50 798 56 805 .
151 747 242 839 quod
266 745 422 834 quilibet
452 765 584 824 eorum,
608 756 685 813 cuin
711 740 780 808 sibi
801 735 1011 813 ¹constiterit
1037 749 1193 841 aliquem

150 882 405 959 transgressum
432 864 537 934 fuisse
555 872 722 931 statutum
748 857 894 950 aliquod
921 864 1112 939 facultatis
1130 894 1193 943 nou

150 990 337 1069 abolitum,
356 987 415 1054 vel
438 1008 517 1054 cum
542 985 618 1073 quis
643 984 689 1051 de
711 986 995 1074 transgressione
1019 990 1110 1059 talis
1133 1002 1193 1063 sta·

149 1112 216 1194 tuti
236 1111 306 1178 sibi
332 1117 509 1180 accusatus
534 1106 655 1189 fuerit,
682 1114 848 1175 teneatur
879 1106 1054 1178 decanum
1081 1110 1193 1203 requi·

149 1252 240 1312 rere,
273 1237 309 1297 ut
338 1227 538 1315 hujusmodi
575 1235 870 1317 transgressorem
899 1228 959 1295 vel
1000 1243 1193 1317 accusatum

149 1374 218 1446 pro
243 1351 520 1442 transgressione
540 1357 643 1417 vocet
674 1348 720 1416 ad
743 1351 987 1440 praesentiam
1010 1341 1193 1448 magistro

149 1499 227 1548 rum
259 1482 405 1564 quatuor
431 1473 607 1543 dictorum
641 1470 776 1539 decano
808 1470 1082 1565 adjunctorum
1109 1479 1193 1549 etsi

149 1621 269 1668 coram
298 1597 375 1665 illis
397 1596 480 1687 talis
519 1594 834 1686 transgressionem
867 1594 1048 1665 confessus
1081 1597 1193 1683 fuerit,

149 1725 206 1789 aut
235 1719 279 1785 de
307 1716 589 1807 transgressione
620 1716 810 1794 convictus,
831 1715 997 1821 puniatur
1022 1742 1043 1785 a
1066 1718 1193 1793 decano

150 1838 414 1931 inpraesentia
436 1838 615 1904 dictorum
638 1839 889 1925 magistrorum
909 1839 1102 1911 secundum
1128 1854 1193 1915 sto·

149 1967 252 2046 tuta3
272 1959 321 2025 ·si
352 1981 436 2028 vero
467 1981 534 2024 nec
567 1957 743 2026 confessus
776 1981 842 2026 nec
874 1963 1055 2031 convietus
1086 1965 1193 2049 fuerit

151 2081 319 2172 suscipiat
339 2079 489 2147 decanus
524 2100 644 2146 coram
670 2078 776 2146 dictis
813 2082 992 2171 magistris
1025 2106 1193 2179 expurga·

152 2207 285 2275 tionem
306 2207 355 2274 sio
384 2201 553 2278 accusati.
616 2203 656 2271 Si
678 2225 762 2271 vero
793 2205 867 2292 quis
901 2203 1039 2274 decano
1068 2211 1105 2277 in
1135 2210 1193 2279 isto

150 2328 299 2398 obedire
326 2326 492 2410 noluerit,
516 2324 610 2392 hunc
642 2323 793 2392 decanus
820 2347 946 2393 vocare
968 2338 1131 2399 teneatur
1156 2330 1193 2398 ad

153 2453 302 2545 plenam
321 2447 639 2538 congregationem
661 2446 840 2515 facultatis
855 2451 901 2516 ad
922 2448 1113 2521 dicendum
1124 2474 1193 2523 cau

151 2593 236 2651 sam,
259 2591 364 2658 quare
382 2568 503 2658 puniri
526 2590 596 2634 non
617 2567 747 2634 debeat
769 2580 923 2665 propter
937 2570 1062 2640 statuti
1086 2580 1193 2640 trans·

151 2689 381 2782 gressionem,
403 2693 439 2754 et
456 2687 502 2757 ad
519 2688 615 2755 idem
636 2681 797 2757 teneatur
817 2693 979 2772 (locarius,
1003 2692 1144 2781 quando
1154 2694 1193 2761 si·

151 2810 190 2876 bi
212 2809 281 2900 ipsi
300 2816 438 2876 constat
455 2809 499 2874 de
520 2815 779 2896 transgressore
808 2808 955 2895 alicujm
980 2812 1117 2894 statuti,
1140 2811 1193 2880 vel

152 2929 289 3018 quando
313 2928 390 3017 quis
414 2927 484 2995 sibi
506 2940 671 3017 tanquam
691 2939 928 3023 transgressor
949 2932 1165 3018 accusatur.'

643 3095 705 3168 21.

383 3230 443 3311 De
460 3234 638 3336 pronrirro
665 3230 962 3315 exanimatorum.

112 3465 118 3473 ι
244 3374 340 3447 Item
366 3401 458 3447 anno
485 3380 621 3464 eodem,
644 3382 703 3450 die
728 3383 795 3452 18.
824 3387 953 3455 mensis
969 3358 1193 3482 ¹Septembris

152 3495 251 3565 facta
269 3496 381 3591 plena
403 3505 681 3595 congregatione
706 3506 956 3599 magistrorum
976 3510 1022 3579 de
1046 3514 1193 3587 consilis

152 3615 334 3686 facultatis
369 3621 415 3689 ad
447 3608 671 3696 tractandum
695 3628 840 3698 ulterius
872 3630 919 3699 de
947 3633 1114 3703 articulis
1134 3660 1193 3729 per

151 3740 340 3833 magistros
360 3743 549 3837 deputatos
574 3772 595 3815 a
614 3749 788 3819 facultate
814 3752 911 3843 prius
939 3754 1193 3847 propositis&

153 3863 200 3932 ad
230 3864 516 3935 concludendum
558 3870 720 3940 finaliter
746 3874 784 3941 in
810 3873 967 3958 eisdem,
997 3865 1193 3977 conclusum

151 3985 220 4066 fuit
248 3984 470 4061 &statutum
488 3993 680 4064 secuudum
701 3998 876 4082 majorem
904 4007 1071 4091 partem,
1104 3999 1193 4093 quod
