2700 4732
984 270 1087 342 liubr.
1110 274 1169 343 vl.
1189 268 1282 343 Vll·

706 468 709 474 ’
744 460 795 539 ¹fi.

262 617 370 728 Quod
390 642 466 696 vox
492 616 665 694 venientis
689 607 743 719 sd
771 530 1019 688 conciliastis
1057 603 1213 696 raiardo
1246 622 1302 687 est

693 729 866 811 invalida.

352 903 444 973 lteni
478 889 679 974 conclusum
716 901 803 984 fuit,
839 900 933 989 quod
962 902 1159 990 quicunque
1187 900 1298 995 magi·

257 1037 409 1097 atrorum
431 1023 477 1094 ad
498 1024 687 1095 concilium
713 1022 893 1092 facultatis
928 1023 1067 1092 venerit
1092 1022 1171 1093 sine
1195 1006 1296 1091 babi-

257 1162 306 1233 tu‚
333 1169 401 1218 vox
426 1170 484 1218 sua
504 1153 558 1214 est
586 1145 747 1214 invalida
766 1146 813 1213 ad
837 1144 1112 1223 interimendum
1137 1142 1198 1213 vel
1218 1130 1296 1217 ccu'·

256 1266 517 1349 tradicenslum,
540 1288 606 1334 nec
633 1266 771 1357 poterit
792 1275 935 1360 partem
956 1284 1101 1358 augere.

520 1510 750 1584 SEPTIMA
777 1510 1023 1592 annales.

761 1678 800 1759 1.

369 1818 430 1897 De
454 1814 545 1896 libro
561 1812 754 1912 facultatis
779 1833 816 1892 et
840 1818 956 1894 rotulo
969 1815 1178 1919 formando.

350 1986 443 2058 Item
469 1991 534 2067 20.
559 1986 618 2055 dic
636 1986 766 2053 mensis
796 1987 946 2078 Augusti
970 1985 1039 2057 fuit
1063 1985 1290 2069 deliberatum

255 2135 323 2206 per
346 2087 537 2203 magistros
569 2115 605 2176 et
632 2108 846 2192 conclusum,
871 2110 965 2198 quod
992 2110 1141 2180 deberet
1172 2104 1292 2176 haberi

255 2233 404 2302 libellus
427 2232 465 2299 in
488 2229 618 2300 scrinio
653 2229 846 2313 facultatis,
867 2230 903 2297 in
926 2255 994 2321 quo
1017 2231 1216 2304 habeantur
1234 2254 1290 2322 nc·

254 2356 352 2428 mina
372 2352 652 2424 baccalariorum
680 2360 716 2421 et
744 2353 992 2445 magistrorum
1019 2355 1057 2424 in
1085 2355 1228 2436 artibus,
1259 2356 1293 2421 ei

255 2476 293 2544 in
315 2498 358 2545 ec
377 2476 475 2548 omni
499 2498 592 2545 anno
614 2473 764 2545 inscribi
791 2475 977 2558 deberent,
1010 2497 1055 2544 ue
1081 2474 1175 2545 ‘ordo
1203 2473 1293 2569 ipsu·
1312 2522 1328 2555 ,-

254 2594 809 2673 ωὴωωωωι,

761 2763 799 2835 2.

543 2898 604 2978 De
628 2898 846 3004 expeditione
870 2901 999 2986 rotuli.
1096 2926 1100 2935 ’

349 3051 442 3120 ltem
464 3034 502 3118 in
523 3024 693 3121 decanatu
719 3049 883 3141 magistri
902 3049 1065 3123 'fiderici
1090 3051 1136 3120 (le
1170 3045 1298 3120 wolin

255 3173 294 3239 in
321 3172 431 3264 plena
470 3175 750 3263 congregatione
784 3172 1028 3265 magistrorum
1061 3171 1108 3241 de
1143 3174 1297 3247 concilio

255 3291 459 3360 conclusum
482 3289 561 3376 fuit,
583 3292 678 3382 quod
711 3292 860 3362 facultas
888 3293 973 3362 dare
1003 3288 1158 3364 deberet
1173 3282 1318 3368 adae.

255 3408 366 3478 tulum
382 3433 450 3502 pro
470 3412 649 3502 magistris
673 3413 926 3505 praesentibus,
950 3415 1009 3502 qui
1033 3415 1154 3484 bursas
1180 3416 1296 3485 solve·

254 3545 345 3619 runt,
365 3544 401 3604 ct
421 3538 621 3630 regentiam
642 3558 739 3604 suam
758 3536 1040 3628 compleverunt,
1070 3548 1108 3607 et
1134 3563 1205 3632 pro
1227 3538 1297 3623 his,
1338 3610 1341 3641 ÷

253 3632 422 3750 quiideur
440 3658 613 3741 fecerunt,
634 3666 670 3727 et
685 3658 724 3725 in
734 3659 841 3727 valde
854 3660 955 3727 brevi
977 3672 1209 3747 recesserunt,
1230 3684 1296 3761 epe
1322 3662 1329 3669 ’

252 3790 291 3848 et
331 3781 451 3852 auimo
484 3781 687 3865 redeundi,
738 3792 775 3850 et
805 3806 873 3874 pro
902 3783 991 3866 his,
1026 3785 1085 3875 qui
1115 3786 1297 3863 solverint

253 3878 385 3989 bursas,
412 3912 449 3970 et
473 3912 624 3996 propter
648 3904 863 3972 brevitatem
883 3910 1083 4001 regentiam
1106 3911 1296 4004 complere

253 4035 551 4120 nonpotuerunt5
572 4026 658 4094 item
678 4026 716 4094 in
740 4029 903 4099 exaurine
920 4031 1109 4101 existentes
1130 4055 1297 4127 pregre·
1322 4086 1327 4093 -

1335 4138 1340 4167 l
