2700 4732
94 4032 102 4067 l

241 281 311 354 ,1oe
1081 264 1190 355 liuba,
1206 259 1252 377 ‚¹⁹

738 449 799 521 11.

271 600 371 708 Quor
394 595 505 677 libros
528 619 577 674 eu
600 610 679 672 toto
703 590 832 668 audire
857 605 1024 668 tenentur
1053 582 1294 692 promoveam.

222 734 226 752 ⁸
345 746 439 818 item
473 749 512 816 in
540 746 665 817 eadem
699 745 979 835 congregatione
1011 737 1083 809 fnit
1113 745 1294 821 statutum,

251 868 346 958 quod
371 869 418 936 de
446 875 565 937 cetero
590 865 747 955 quilibet
768 864 892 930 volens
915 859 1055 929 studere
1081 880 1151 952 pro
1181 854 1297 927 forma

251 988 457 1080 magisterii
490 995 548 1054 aut
576 983 834 1052 baccalariatus
870 982 1049 1049 tenebitur
1077 980 1193 1048 libros
1231 974 1297 1045 hoo

252 1106 377 1177 audire
394 1107 433 1175 in
459 1106 555 1174 libro
584 1104 644 1172 vel
668 1103 774 1171 libris
794 1102 869 1171 sine
888 1099 1011 1172 sraude
1038 1109 1075 1168 et
1099 1101 1179 1168 sine
1200 1096 1300 1185 dolo,
1325 1172 1329 1177 ,

253 1229 367 1298 libros
405 1228 499 1301 infra
538 1226 691 1317 scriptos
739 1224 937 1296 videlicet:
977 1237 1132 1297 veterem
1172 1208 1299 1293 ortem,

245 1348 432 1450 priorum,
461 1348 728 1449 posteriorum,
749 1339 985 1436 elenchorum,
1010 1339 1235 1447 plqsicorurn
1252 1342 1301 1434 ¹¹),

227 1540 230 1546 .
253 1465 451 1573 sphaeram,
477 1470 519 1547 de
550 1473 679 1555 enimn,
715 1468 757 1545 de
786 1469 884 1563 coelo,
906 1467 948 1551 de
972 1471 1212 1574 generatione,
1235 1488 1303 1540 me

256 1611 449 1684 teorornm,
466 1614 588 1698 parvo
607 1591 790 1671 naturalia
813 1611 849 1670 et
875 1587 1106 1699 metaphysica
1125 1596 1188 1665 sub
1216 1617 1303 1688 poe·

255 1741 312 1800 na,
332 1742 409 1807 qua,
432 1723 462 1789 ui
483 1744 554 1790 nou
580 1720 757 1790 audiverit
782 1720 940 1808 aliquem
966 1741 1087 1787 eorum
1119 1717 1184 1799 sic,
1204 1728 1304 1786 tene·

258 1836 353 1908 bitur
372 1862 441 1929 pro
462 1846 545 1907 tuno
565 1839 701 1908 decano
719 1838 913 1920 facultatis,
933 1838 963 1905 si
988 1847 1042 1906 est
1063 1836 1213 1922 liabens,
1230 1858 1303 1915 uc,-

258 1955 433 2026 dictatem
455 1970 578 2053 pastus
602 1961 699 2045 illius
715 1961 804 2032 libri
824 1960 964 2029 solvere
982 1959 1149 2029 indilate.
1173 2018 1177 2025 .
1220 1950 1223 1961 ’

742 2121 801 2196 12.

354 2261 450 2332 Item
483 2264 521 2333 in
555 2264 679 2333 eadem
709 2268 991 2359 congregatione
1023 2266 1090 2337 fuit
1120 2272 1304 2351 statuum,

259 2384 355 2473 quod
382 2385 427 2453 de
449 2394 567 2457 cetero
592 2398 674 2459 ante
697 2388 947 2460 admissionem
970 2394 1119 2480 alicujus
1152 2394 1198 2462 ad
1213 2369 1303 2461 xten«

259 2515 381 2573 tamen
399 2508 458 2574 vel
490 2530 637 2579 examen
668 2513 846 2585 tenebitur
872 2515 911 2581 in
944 2514 1118 2584 schedula
1148 2516 1301 2587 scribere

260 2625 408 2694 modum
431 2629 620 2698 auditionis
654 2631 837 2716 librormn,
860 2637 1002 2705 seilicet
1023 2618 1068 2704 an
1101 2659 1222 2705 omnes
1251 2645 1302 2704 ta·

258 2746 314 2815 les
339 2748 452 2816 libros
479 2752 657 2820 audiverit
683 2732 991 2847 praenominatos3
1030 2761 1120 2828 alios
1153 2780 1237 2829 vero
1258 2757 1306 2827 li·

259 2867 344 2966 bros
362 2869 400 2938 in
423 2880 554 2940 statuto
576 2873 783 2946 immediate
806 2885 1043 2951 antecedente
1063 2904 1134 2953 non
1162 2898 1309 2975 exprme

260 3016 329 3079 nos,
351 3015 423 3060 non
446 2994 627 3063 tenebitur
656 2994 796 3083 dejure
826 3000 862 3068 in
896 3001 1000 3070 libris
1021 3005 1169 3096 audire3
1193 3004 1256 3076 sed
1272 3003 1309 3071 oi

260 3116 439 3210 quispiam
472 3113 657 3198 audiverit,
689 3122 944 3191 examinatores
967 3146 1037 3216 pro
1060 3134 1143 3194 tuuc
1164 3124 1211 3193 ad
1232 3126 1308 3213 eju·

259 3239 522 3331 promotionem
543 3239 676 3307 debent
700 3241 814 3332 magis
840 3267 916 3312 esse
941 3244 1118 3334 inclinati,
1142 3242 1307 3319 benevoli

261 3366 369 3448 atque
391 3360 511 3454 proni.

755 3526 814 3596 13.

369 3659 520 3756 Insuper
543 3665 582 3734 in
612 3667 737 3738 eadem
765 3675 1044 3766 congregatione
1069 3675 1139 3747 fuit
1163 3675 1300 3748 conclu·

263 3796 348 3865 oum,
372 3783 466 3871 quod
489 3786 642 3873 quilibet
672 3789 836 3878 decanus,
866 3797 924 3885 qui
953 3822 1021 3891 pro
1044 3810 1209 3897 tempore
1232 3796 1299 3869 tuo·
1342 3878 1344 3889 Ι

303 4001 336 4078 *ὶ
356 4013 391 4066 ln
410 4013 528 4066 codice:
550 4010 684 4082 phorum.
