2714 4740
172 278 281 369 Rubr.
303 270 347 373 X!
963 327 966 333 -
1069 234 1073 241 Ι
1115 246 1198 350 115¹

135 476 172 545 in
189 481 299 543 antea
322 467 479 556 quilibet
498 463 720 565 examinator
740 474 822 536 ante
849 490 995 540 examen
1015 473 1053 541 in
1072 495 1177 564 prae·

137 596 244 667 sentia
265 589 447 662 facultatis
480 587 609 658 debeat
638 609 804 678 expresse
832 593 1046 681 promittere
1074 594 1176 665 deca.

139 741 192 796 no,
212 715 306 806 quod
333 694 409 806 ipse
438 708 657 790 attendendo
681 710 812 778 bonum
844 708 878 782 ft
904 710 1078 783 honorem
1101 719 1177 788 uni.

140 836 306 907 uersitttis
329 831 563 906 &facultatis
587 830 715 898 artium
743 830 833 899 velit
855 833 1022 904 fideliter
1045 841 1177 907 exami-

144 984 229 1043 nare,
250 958 282 1031 fc
300 961 390 1046 juste
412 965 613 1046 acceptare,
638 951 669 1024 86
704 964 910 1047 acceptatos
941 959 1052 1050 digne
1080 936 1176 1032 loco.

147 1082 250 1164 rosio
274 1077 368 1168 quod
393 1100 460 1146 nec
481 1098 612 1157 amore,
645 1097 710 1142 nec
741 1074 826 1144 odio
850 1099 1079 1170 personarum
1100 1105 1175 1154 mo.

151 1214 204 1288 tus,
224 1226 286 1271 uec
308 1199 477 1293 precibus
506 1196 701 1279 convictus,
718 1219 784 1264 nec
807 1199 1011 1270 muneribus
1029 1223 1175 1295 corrup·

154 1335 204 1409 tus,
229 1347 292 1393 uec
316 1323 391 1392 alio
415 1320 540 1408 quovis
571 1318 682 1388 modo
705 1317 796 1386 velit
829 1322 1007 1406 ajustitio
1027 1319 1061 1393 ft
1080 1325 1175 1395 bono

156 1442 315 1513 facultatis
338 1440 545 1534 praedictae
566 1439 720 1508 scienter
750 1437 991 1511 discederein
1013 1463 1072 1514 sua
1091 1467 1176 1515 con·

157 1565 280 1636 scientia
300 1564 334 1638 fs
356 1565 452 1634 bons
468 1560 562 1643 lide,
732 1638 735 1643 ,

110 1924 114 1947 ,
157 1831 319 1911 lietardo
350 1825 584 1936 extorquendi
614 1845 759 1929 pastum
794 1832 856 1906 via
888 1805 1174 1911 excrementa-s
1298 1839 1300 1842 ’

110 1968 124 2059 j·
292 2035 297 2047 ¹
329 1990 332 1995 ¹
589 1954 707 2029 tionis.
784 1988 789 2004 ¹

110 2070 112 2104 ἶ
225 2098 316 2169 ltem
336 2123 440 2185 anno,
467 2123 533 2188 qno
556 2123 671 2192 supra,
692 2100 752 2168 die
775 2102 813 2175 Ξ.
841 2101 974 2169 mensis
1005 2099 1176 2174 Octobris

154 2216 228 2288 facta
250 2221 356 2312 plena
378 2224 659 2314 congregatione
678 2222 926 2312 magistrorum
955 2221 1000 2290 de
1022 2225 1176 2293 consilio

116 2430 121 2437 ¹
154 2337 307 2412 factitatis
328 2343 375 2410 ad
395 2343 679 2411 concludendum
696 2341 856 2411 finaliter
875 2343 912 2408 in
933 2343 1092 2412 articulis
1106 2366 1173 2435 per

110 2456 116 2549 l
155 2463 313 2552 magistros
325 2461 512 2555 deputatos
527 2462 692 2530 facultati
704 2461 901 2554 propositis
914 2484 982 2553 pro
1003 2463 1178 2533 solutione

111 2598 113 2603 ’
156 2583 261 2669 pastus,
277 2584 479 2653 conclusum
509 2581 540 2652 85
569 2591 737 2651 statutum
760 2565 829 2648 fuit
856 2582 1044 2654 secundum
1065 2587 1177 2672 majo·

111 2672 113 2697 !
155 2717 208 2764 rem
229 2710 386 2792 partem,
422 2703 513 2790 quod
538 2701 754 2793 praehabita
778 2700 988 2770 rationabili
1013 2703 1178 2773 modera-

155 2815 225 2888 tione
238 2836 356 2916 pastus
373 2826 631 2907 exercitiorum,
653 2834 757 2914 prout
779 2816 959 2916 magistris
977 2824 1076 2916 prius
1097 2826 1178 2917 pla·
1227 2879 1230 2883 ‚

155 2937 207 3003 cuit
224 2943 258 3010 in
276 2944 424 3034 quadam
447 2944 826 3036 alia‘congregatione,
854 2943 1008 3032 quilibet
1025 2944 1177 3027 decanus

155 3055 310 3154 facultatis
331 3067 459 3133 artium
482 3065 619 3137 futinus
637 3066 674 3133 in
704 3065 887 3158 principio
909 3065 963 3132 sui
984 3064 1178 3133 decanatus

156 3162 361 3257 teneatur‘ex
377 3197 482 3279 parte
500 3187 686 3256 facultatis
711 3187 894 3256 dominum
916 3195 1095 3255 rectorem
1116 3210 1179 3272 no.

154 3319 212 3373 um
241 3308 277 3377 in
300 3311 486 3404 principio
521 3312 573 3379 sui
608 3318 802 3379 rectoratus
834 3317 972 3401 petere,
1011 3318 1203 3397 quatenos.

155 3429 272 3498 undet
290 3433 451 3504 omnibus
471 3429 503 3503 ft
530 3433 682 3524 singulis
712 3431 886 3499 lectiones
907 3420 945 3497 in
965 3423 1103 3497 artibus
1119 3443 1179 3501 au·

158 3540 323 3636 fientibus,
340 3563 397 3626 aut
419 3554 456 3622 in
473 3555 653 3622 exercitiis
673 3553 857 3634 stantibus,
882 3558 941 3620 aut
961 3551 1030 3620 isto
1056 3539 1179 3622 medio

155 3673 416 3744 conlectiones
438 3676 477 3743 in
505 3676 640 3744 artibus
665 3675 810 3756 audire,
840 3681 898 3741 aut
924 3672 962 3739 in
995 3671 1177 3739 exercitiis

158 3767 231 3859 stare
251 3795 467 3883 volentibus,
489 3807 658 3886 quatenus
675 3796 830 3896 quilibet
848 3815 968 3864 eorum
988 3794 1082 3863 infra
1102 3794 1176 3860 lec-

121 3994 124 3999 „
159 3904 249 4003 ilonea
265 3919 322 3985 vel
353 3919 526 3987 exercitia
549 3920 722 4011 magistro
752 3917 811 3986 vel
849 3916 1043 4006 magistris,
1073 3911 1177 4002 quus‘

160 4028 201 4094 'tl
219 4058 355 4124 quorum
386 4040 482 4110 arslit
505 4039 692 4128 lectiones,
712 4046 773 4112 aut
802 4035 953 4107 interest
983 4032 1178 4116 exercitiis,
1301 4089 1304 4095 .
