2714 4740
275 308 299 376 8

275 498 371 570 Item
392 496 523 569 lrabeat
542 492 707 584 recipere
725 464 1037 572 baccalariandos,
1063 444 1203 577 quando
1215 500 1329 582 prae

267 629 465 703 sententio,
491 625 528 686 et
541 606 659 695 facere
673 631 731 680 eos
746 612 862 696 jurare
876 615 1004 678 statuta
1013 586 1206 695 facultatis,
1232 627 1323 695 sluaa

274 743 492 813 concernunt
511 734 659 829 gradum
680 732 795 799 illum.
838 730 888 798 Et
908 730 1043 824 poterit
1063 729 1229 805 eosdem,
1254 724 1323 795 sci·

275 867 362 936 licet
381 857 611 937 baocalorios‚
641 854 671 921 si
694 853 730 920 in
754 852 923 943 legendo,
941 848 1115 923 audiendo
1134 850 1322 933 lectiones,

276 982 533 1077 disputationes
564 977 760 1047 ordinarias
791 972 1051 1062 frequentando
1072 974 1136 1044 uel
1166 988 1322 1069 pronut-

273 1113 412 1188 tiando,
436 1103 497 1171 uel
519 1101 555 1168 in
580 1100 674 1180 aliis,
700 1097 745 1165 ad
766 1119 855 1187 quae
875 1096 1105 1187 obligantur,
1130 1098 1322 1191 negligen-

275 1242 329 1298 tes
351 1226 505 1305 fuerint,
543 1243 710 1304 monere,
745 1217 848 1285 etsi
888 1224 971 1309 post
1009 1218 1244 1309 monitionem
1270 1244 1323 1300 ea,

276 1374 363 1439 quac
385 1348 518 1416 debent
537 1344 678 1426 facere,
705 1339 956 1431 neglexerint,'
976 1343 1155 1411 tenebitur
1177 1364 1238 1412 eos
1257 1342 1318 1412 ‹le-

275 1471 434 1543 nuntiare
460 1465 643 1547 facultati,
680 1487 769 1553 quac
794 1464 982 1533 secundum
1010 1484 1215 1536 excessuum
1240 1465 1315 1539 exi·

273 1593 433 1690 gentiam
455 1588 695 1661 correctiones
718 1595 755 1653 et
773 1605 906 1678 poenas
926 1585 976 1652 eis
998 1584 1152 1678 infliget.
1203 1648 1211 1663 ,
1299 1638 1303 1645 .

368 1711 462 1780 Item
485 1712 641 1787 ,decanus
682 1707 792 1775 debet
831 1716 911 1775 acta
949 1705 1133 1776 facultatis
1168 1714 1207 1777 et
1246 1709 1319 1786 alia

273 1836 415 1929 quaevis
437 1830 625 1911 notabilia,
648 1850 735 1916 quae
750 1836 969 1895 concernunt
984 1825 1115 1897 bonum
1132 1829 1193 1898 vol
1208 1831 1321 1933 etium

274 1955 543 2024 infestationem
572 1947 753 2019 facultatis
775 1946 836 2013 vel
866 1946 1125 2037 universitatis,
1160 1954 1199 2024 in
1221 1940 1341 2027 libro'

220 2067 223 2075 ¹
275 2078 457 2146 facultatis
479 2075 712 2169 consignare,
733 2088 769 2147 et
789 2089 919 2149 statuta
945 2101 1005 2149 suo
1034 2087 1199 2171 tempore
1223 2082 1344 2151 facta'

273 2209 310 2270 et
323 2203 533 2293 approbata,
546 2203 620 2269 sive
640 2211 855 2271 concernant
874 2201 1149 2283 universitatem,
1172 2204 1248 2272 sive
1267 2202 1321 2275 fa·
1340 2184 1345 2195 Ι

271 2326 461 2412 cultatem,
485 2326 593 2394 debet
619 2327 656 2393 in
678 2325 776 2396 libro
799 2325 1018 2416 consignare.
1069 2323 1164 2392 Item
1187 2325 1319 2395 bacca·

184 2527 190 2537 ,
273 2453 441 2535 lariatos,
469 2451 673 2520 licentiatos
695 2457 731 2517 et
752 2451 980 2541 magistratos
1008 2449 1053 2515 de
1074 2468 1166 2515 novo
1184 2448 1313 2517 inscri-

272 2574 335 2639 bat
368 2573 485 2654 libro,
510 2582 549 2640 nt
574 2573 662 2640 ordo
685 2593 804 2642 eorum
835 2562 1013 2638 oblivioni
1047 2590 1118 2637 non
1145 2570 1339 2653 tradatur,'

273 2703 310 2761 et
330 2693 448 2761 omnia
470 2693 536 2761 illa
557 2693 763 2785 consignata
786 2691 895 2760 debet
914 2700 1077 2786 temporo
1096 2713 1177 2760 suaa
1196 2692 1316 2787 resig-

271 2815 426 2890 nationis
444 2815 611 2884 facultati
633 2817 796 2884 recitare.

365 2941 459 3008 Item
490 2940 528 3007 in
559 2939 677 3010 arduis
701 2949 805 3008 vocet
833 2940 897 3009 sub
919 2962 1035 3032 poena
1065 2942 1166 3011 unius
1197 2940 1318 3035 grossi

270 3065 329 3133 vel
352 3062 515 3145 duorum,
540 3066 598 3132 vel
617 3088 685 3156 per
704 3067 952 3152 juramentum,
980 3073 1016 3131 et
1035 3061 1209 3133 medietas
1228 3076 1316 3161 poo'·

215 3244 222 3256 .
269 3208 395 3255 aarum
411 3185 457 3251 sit
479 3184 616 3267 decani,
644 3185 718 3253 alia
733 3184 905 3253 medietas
920 3182 1100 3252 facultatis
1112 3200 1130 3271 3'
1145 3192 1182 3253 et
1192 3206 1316 3274 quem·

270 3327 416 3392 cumque
435 3306 630 3374 vocaverit
642 3306 703 3374 sub
721 3327 849 3396 poena,
869 3303 899 3372 si
919 3304 1168 3396 praesentibus
1192 3313 1230 3372 et
1254 3324 1331 3375 uo·

268 3425 459 3509 aientibus,
471 3427 530 3494 vel
542 3427 669 3513 majori
680 3426 788 3517 parti,
809 3429 869 3494 uel
890 3427 1049 3498 omnibus
1073 3426 1183 3496 visun
1195 3426 1314 3509 fucrit,

268 3546 364 3635 quod
396 3569 512 3639 poena
536 3545 603 3616 fuit
632 3545 1145 3637 irrationabiliterapposita,
1171 3545 1233 3614 vel
1259 3544 1314 3615 ai·

267 3669 336 3735 mis
349 3690 490 3758 magna,
506 3677 589 3737 tunc
610 3688 679 3734 non
698 3665 814 3757 possit
825 3689 903 3733 eam
921 3666 1071 3736 decanus
1090 3675 1311 3756 extorquere·

362 3792 469 3858 Anno
488 3788 635 3859 Domini
653 3788 763 3864 1369·
775 3791 835 3862 21.
855 3788 915 3856 die
935 3789 1066 3857 mensis
1088 3788 1186 3874 maji
1205 3794 1311 3856 stata·

266 3916 343 3984 tum
365 3910 434 3979 fuit
455 3910 703 3994 concorditer,
731 3911 828 4001 quod
848 3912 999 3980 decanus
1020 3910 1221 3999 quemlibet
1239 3926 1310 3977 ιιιι·

266 4032 418 4124 gistrum
443 4033 479 4100 in
504 4035 644 4100 statutis
665 4034 844 4104 facultatis
864 4036 1091 4105 oberrantem
1110 4033 1168 4102 .de
1198 4026 1308 4100 collo·

264 4153 340 4246 gio,
360 4155 435 4223 sivo
460 4166 560 4221 extra
584 4155 805 4241 existentem,
821 4142 1067 4229 indifferentei
1091 4162 1130 4222 et
1154 4146 1305 4242 nequii·
