2714 4740
117 341 118 345 Ἰ
173 264 286 334 Βιὼῐ.
311 267 351 338 V.

641 480 679 553 9.

275 615 537 722 Interpretatio
562 621 698 699 statuti
714 618 1043 723 deroncurrentiis.

231 763 327 835 Item
359 767 405 834 de
436 771 703 860 praeventione,
728 773 877 860 quaein
908 780 1039 842 statuto
1072 772 1191 865 expri·
1290 830 1296 836 .

138 887 262 973 mitur,
299 892 486 960 decretum
512 893 590 974 fuit,
617 892 710 986 quod
741 894 811 963 ista
841 892 1050 989 praeventio
1073 870 1192 962 locum

142 1004 274 1078 habeat
293 1013 636 1106 circaafacultatem,
661 1012 785 1084 &non
807 1015 902 1082 circa
925 1014 1108 1095 decanum,
1129 1017 1205 1098 itae,

145 1139 244 1220 quod,
270 1135 330 1222 qui
356 1137 456 1231 prius
482 1137 622 1207 obtinet
657 1137 752 1206 circa
781 1133 1000 1217 facultatem,
1031 1138 1105 1204 sive
1137 1158 1191 1203 re·

143 1253 357 1341 incaluerit,
379 1259 600 1346 sivejunior,
624 1259 741 1327 locum
766 1265 885 1327 teneat
908 1257 1191 1352 praeventionia
1311 1272 1312 1276 ’

149 1377 247 1462 Item,
268 1381 377 1472 vquod
409 1384 439 1452 si
459 1365 545 1450 ¹‹luo
572 1381 745 1478 petierint
776 1382 1058 1473 concurrentiam
1080 1378 1127 1447 ad
1146 1380 1191 1448 li·
1258 1432 1262 1445 .

149 1501 578 1586 numerumnunerum
600 1518 720 1573 corum
741 1501 834 1589 infra
843 1512 925 1569 octo
938 1502 1109 1591 diespost
1131 1523 1190 1568 oc·
1308 1572 1310 1574 ,

150 1629 236 1690 tavae
260 1622 479 1720 epiphaniae
508 1647 579 1694 non
604 1624 753 1716 incepit,
783 1631 961 1717 protunc
983 1608 1121 1710 salvum
1143 1622 1190 1692 ait

153 1723 251 1811 alteri
272 1752 401 1839 petere
432 1749 737 1837 concurrentiam,
773 1747 834 1837 qui
863 1746 961 1831 vult,
989 1748 1027 1819 in
1055 1748 1190 1849 librum

158 1864 299 1950 eundem.

588 1985 590 1989 ⁵
630 2038 690 2108 10.

280 2224 311 2270 a.
338 2198 421 2276 Non
443 2195 568 2278 debent
587 2198 658 2306 legi
680 2215 819 2276 secreto
840 2201 1040 2279 nrulierum.

256 2340 350 2417 Item
380 2348 500 2438 primo
527 2348 596 2415 ¹die
629 2347 721 2417 Julii
749 2346 817 2414 fuit
855 2332 1066 2426 conclusum,
1093 2341 1188 2432 quod

159 2466 277 2536 amodo
294 2469 384 2551 nulli
400 2473 559 2564 simplici
570 2470 772 2538 baccalario
792 2469 830 2535 in
850 2466 986 2536 artibus
1008 2465 1118 2533 liceat
1137 2462 1188 2532 le·

157 2603 227 2674 gere
249 2588 415 2661 libellum
439 2593 485 2660 de
509 2592 656 2662 secretis
680 2590 887 2660 mulierum.
1130 2582 1132 2587 ’

177 2785 209 2855 b·
231 2786 360 2871 Nullus
385 2790 485 2898 legat
505 2758 601 2890 infra
624 2772 897 2894 disputationem
921 2785 1166 2868 ordinariam.

230 2956 320 3029 ltem
349 2972 521 3033 statutum
544 2962 613 3031 fuit
643 2962 681 3029 in
706 2962 882 3029 decanatu
907 2955 1070 3045 magistri
1093 2953 1185 3019 Her·

157 3069 322 3151 manni-lle
343 3086 591 3178 Rauensperg,
625 3083 719 3173 quod
746 3083 867 3150 nullus
902 3076 1184 3147 baccalariorum

153 3209 202 3269 aut
230 3207 477 3298 magistrorum
512 3207 643 3276 debeat
675 3189 840 3272 exercere
875 3203 1031 3289 aliquem
1067 3201 1184 3263 actum

155 3322 382 3398 scholasticum
409 3329 568 3420 legendo
603 3335 663 3400 aut
690 3318 906 3422 disputando
933 3321 1028 3391 infra
1060 3317 1183 3412 dispu-

155 3446 303 3520 tationem
324 3452 559 3532 ordinariam,

628 3619 686 3692 11.
823 3687 824 3690 ,

296 3763 356 3847 De
380 3761 479 3841 modo
504 3759 641 3867 legendi
666 3762 703 3836 in
730 3752 850 3834 diebus
865 3753 1028 3852 festivis.

248 3933 338 4007 Item
375 3938 414 4008 in
443 3941 554 4031 plena
584 3933 868 4029 congregatione
898 3922 1082 3994 facultatis
1099 3916 1184 3987 luit

157 4061 358 4130 concorditer
394 4069 571 4145 statutum,
599 4059 690 4152 quod
717 4057 890 4125 lectiones
910 4057 984 4115 tam
1012 4066 1082 4138 pro
1103 4063 1183 4132 gro·

160 4169 197 4241 ‘¹¹¹
215 4178 473 4272 baccalariutus,
502 4199 607 4278 quam
634 4182 833 4278 magisterii
854 4183 1058 4273 spectantes
1085 4171 1184 4241 nullo
