<?xml version="1.0" encoding="UTF-8"?>
<!DOCTYPE html PUBLIC "-//W3C//DTD XHTML 1.0 Transitional//EN"
    "http://www.w3.org/TR/xhtml1/DTD/xhtml1-transitional.dtd">
<html xmlns="http://www.w3.org/1999/xhtml" xml:lang="en" lang="en">
 <head>
  <title>
</title>
<meta http-equiv="Content-Type" content="text/html;charset=utf-8" />
  <meta name='ocr-system' content='tesseract 3.04.00' />
  <meta name='ocr-capabilities' content='ocr_page ocr_carea ocr_par ocr_line ocrx_word'/>
</head>
<body>
  <div class='ocr_page' id='page_1' title='image "./liberdecanorumf00unkngoog/liberdecanorumf00unkngoog_0110.png"; bbox 0 0 2700 4732; ppageno 0'>
   <div class='ocr_carea' id='block_1_1' title="bbox 111 227 1141 383">
    <p class='ocr_par' dir='ltr' id='par_1_1' title="bbox 111 227 1141 383">
     <span class='ocr_line' id='line_1_1' title="bbox 111 227 1141 383; baseline 0.002 -50"><span class='ocrx_word' id='word_1_1' title='bbox 111 266 385 383; x_wconf 44' lang='grc' dir='ltr'>ΙΙΜηρ-</span> <span class='ocrx_word' id='word_1_2' title='bbox 465 262 467 266; x_wconf 80' lang='grc'><strong><em>·</em></strong></span> <span class='ocrx_word' id='word_1_3' title='bbox 736 362 737 366; x_wconf 4' lang='grc' dir='ltr'><strong><em>Ν</em></strong></span> <span class='ocrx_word' id='word_1_4' title='bbox 817 227 869 309; x_wconf 57' lang='grc' dir='ltr'><strong>ἶ</strong></span> <span class='ocrx_word' id='word_1_5' title='bbox 1071 263 1141 335; x_wconf 50' lang='lat'>&gt;47</span> 
     </span>
    </p>
   </div>
   <div class='ocr_carea' id='block_1_2' title="bbox 88 447 1274 3116">
    <p class='ocr_par' dir='ltr' id='par_1_2' title="bbox 88 447 1274 3116">
     <span class='ocr_line' id='line_1_2' title="bbox 88 447 1274 562; baseline -0.008 -22"><span class='ocrx_word' id='word_1_6' title='bbox 88 471 198 553; x_wconf 71' lang='lat' dir='ltr'>&#39;tentis</span> <span class='ocrx_word' id='word_1_7' title='bbox 224 461 456 552; x_wconf 71' lang='lat' dir='ltr'>coustlterit,&#39;</span> <span class='ocrx_word' id='word_1_8' title='bbox 473 466 576 562; x_wconf 82' lang='lat' dir='ltr'>petat</span> <span class='ocrx_word' id='word_1_9' title='bbox 598 459 792 538; x_wconf 78' lang='lat' dir='ltr'>secundum</span> <span class='ocrx_word' id='word_1_10' title='bbox 813 447 966 536; x_wconf 79' lang='lat' dir='ltr'>lormaur</span> <span class='ocrx_word' id='word_1_11' title='bbox 990 461 1140 535; x_wconf 74' lang='lat' dir='ltr'>inferius</span> <span class='ocrx_word' id='word_1_12' title='bbox 1268 448 1274 468; x_wconf 88' lang='lat'>&#39;</span> 
     </span>
     <span class='ocr_line' id='line_1_3' title="bbox 92 581 1141 701; baseline -0.002 -46"><span class='ocrx_word' id='word_1_13' title='bbox 92 595 281 687; x_wconf 61' lang='lat' dir='ltr'>mptum,</span> <span class='ocrx_word' id='word_1_14' title='bbox 320 607 430 701; x_wconf 78' lang='lat' dir='ltr'>quam</span> <span class='ocrx_word' id='word_1_15' title='bbox 465 581 535 649; x_wconf 87' lang='lat' dir='ltr'>sibi</span> <span class='ocrx_word' id='word_1_16' title='bbox 570 584 755 665; x_wconf 87' lang='lat' dir='ltr'>decanus,</span> <span class='ocrx_word' id='word_1_17' title='bbox 790 584 847 672; x_wconf 87' lang='lat' dir='ltr'>qul</span> <span class='ocrx_word' id='word_1_18' title='bbox 878 607 945 679; x_wconf 87' lang='lat' dir='ltr'>pro</span> <span class='ocrx_word' id='word_1_19' title='bbox 974 594 1141 678; x_wconf 86' lang='lat' dir='ltr'>tempore</span> 
     </span>
     <span class='ocr_line' id='line_1_4' title="bbox 96 696 1143 803; baseline -0.011 -14"><span class='ocrx_word' id='word_1_20' title='bbox 96 716 221 803; x_wconf 76' lang='lat' dir='ltr'>inerit,</span> <span class='ocrx_word' id='word_1_21' title='bbox 254 736 338 785; x_wconf 91' lang='lat' dir='ltr'>cum</span> <span class='ocrx_word' id='word_1_22' title='bbox 361 696 557 800; x_wconf 79' lang='lat' dir='ltr'>requiritur</span> <span class='ocrx_word' id='word_1_23' title='bbox 587 730 655 803; x_wconf 93' lang='lat' dir='ltr'>pro</span> <span class='ocrx_word' id='word_1_24' title='bbox 680 708 938 778; x_wconf 82' lang='lat' dir='ltr'>convocatione</span> <span class='ocrx_word' id='word_1_25' title='bbox 963 706 1143 779; x_wconf 85' lang='lat' dir='ltr'>dimissio-</span> 
     </span>
     <span class='ocr_line' id='line_1_5' title="bbox 97 827 1143 929; baseline -0.012 -18"><span class='ocrx_word' id='word_1_26' title='bbox 97 829 357 917; x_wconf 74' lang='lat' dir='ltr'>uirfucienda,</span> <span class='ocrx_word' id='word_1_27' title='bbox 390 830 584 913; x_wconf 79' lang='lat' dir='ltr'>notificet,</span> <span class='ocrx_word' id='word_1_28' title='bbox 610 837 648 895; x_wconf 86' lang='lat' dir='ltr'>et</span> <span class='ocrx_word' id='word_1_29' title='bbox 668 837 797 929; x_wconf 84' lang='lat' dir='ltr'>petens</span> <span class='ocrx_word' id='word_1_30' title='bbox 821 827 949 898; x_wconf 66' lang='lat' dir='ltr'>dicata</span> <span class='ocrx_word' id='word_1_31' title='bbox 987 828 1143 898; x_wconf 84' lang='lat' dir='ltr'>Domine</span> 
     </span>
     <span class='ocr_line' id='line_1_6' title="bbox 101 938 1144 1046; baseline -0.011 -15"><span class='ocrx_word' id='word_1_32' title='bbox 101 938 247 1044; x_wconf 52' lang='lat' dir='ltr'>demum</span> <span class='ocrx_word' id='word_1_33' title='bbox 275 965 313 1027; x_wconf 85' lang='lat' dir='ltr'>et</span> <span class='ocrx_word' id='word_1_34' title='bbox 333 953 501 1046; x_wconf 80' lang='lat' dir='ltr'>magistri</span> <span class='ocrx_word' id='word_1_35' title='bbox 521 948 616 1022; x_wconf 79' lang='lat' dir='ltr'>mei!</span> <span class='ocrx_word' id='word_1_36' title='bbox 645 962 733 1043; x_wconf 88' lang='lat' dir='ltr'>peto</span> <span class='ocrx_word' id='word_1_37' title='bbox 762 958 915 1043; x_wconf 87' lang='lat' dir='ltr'>propter</span> <span class='ocrx_word' id='word_1_38' title='bbox 941 952 1086 1038; x_wconf 89' lang='lat' dir='ltr'>Deum</span> <span class='ocrx_word' id='word_1_39' title='bbox 1104 960 1144 1021; x_wconf 90' lang='lat' dir='ltr'>ut</span> 
     </span>
     <span class='ocr_line' id='line_1_7' title="bbox 103 1072 1177 1167; baseline -0.015 -13"><span class='ocrx_word' id='word_1_40' title='bbox 103 1084 183 1155; x_wconf 73' lang='lat' dir='ltr'>ussai</span> <span class='ocrx_word' id='word_1_41' title='bbox 199 1084 349 1163; x_wconf 70' lang='lat' dir='ltr'>buras,</span> <span class='ocrx_word' id='word_1_42' title='bbox 376 1098 462 1167; x_wconf 84' lang='lat' dir='ltr'>quas</span> <span class='ocrx_word' id='word_1_43' title='bbox 480 1074 645 1144; x_wconf 83' lang='lat' dir='ltr'>facultati</span> <span class='ocrx_word' id='word_1_44' title='bbox 664 1074 803 1142; x_wconf 88' lang='lat' dir='ltr'>solvere</span> <span class='ocrx_word' id='word_1_45' title='bbox 830 1083 973 1158; x_wconf 86' lang='lat' dir='ltr'>teneor,</span> <span class='ocrx_word' id='word_1_46' title='bbox 1017 1072 1145 1140; x_wconf 89' lang='lat' dir='ltr'>dimit·</span> <span class='ocrx_word' id='word_1_47' title='bbox 1175 1072 1177 1076; x_wconf 79' lang='grc'><strong>’</strong></span> 
     </span>
     <span class='ocr_line' id='line_1_8' title="bbox 105 1193 1145 1292; baseline -0.008 -20"><span class='ocrx_word' id='word_1_48' title='bbox 105 1204 202 1289; x_wconf 75' lang='lat' dir='ltr'>tutis,</span> <span class='ocrx_word' id='word_1_49' title='bbox 242 1202 328 1292; x_wconf 88' lang='lat' dir='ltr'>quia</span> <span class='ocrx_word' id='word_1_50' title='bbox 347 1199 388 1266; x_wconf 90' lang='lat' dir='ltr'>in</span> <span class='ocrx_word' id='word_1_51' title='bbox 408 1196 630 1268; x_wconf 83' lang='lat' dir='ltr'>couscientia</span> <span class='ocrx_word' id='word_1_52' title='bbox 652 1217 732 1262; x_wconf 81' lang='lat' dir='ltr'>mea</span> <span class='ocrx_word' id='word_1_53' title='bbox 750 1218 823 1265; x_wconf 90' lang='lat' dir='ltr'>non</span> <span class='ocrx_word' id='word_1_54' title='bbox 844 1193 962 1264; x_wconf 83' lang='lat' dir='ltr'>habco</span> <span class='ocrx_word' id='word_1_55' title='bbox 986 1197 1081 1268; x_wconf 85' lang='lat' dir='ltr'>ultro</span> <span class='ocrx_word' id='word_1_56' title='bbox 1099 1197 1145 1265; x_wconf 89' lang='lat' dir='ltr'>li·</span> 
     </span>
     <span class='ocr_line' id='line_1_9' title="bbox 107 1314 1147 1408; baseline -0.008 -14"><span class='ocrx_word' id='word_1_57' title='bbox 107 1322 179 1393; x_wconf 82' lang='lat' dir='ltr'>brus</span> <span class='ocrx_word' id='word_1_58' title='bbox 202 1330 241 1392; x_wconf 87' lang='lat' dir='ltr'>et</span> <span class='ocrx_word' id='word_1_59' title='bbox 270 1329 388 1389; x_wconf 83' lang='lat' dir='ltr'>vestes</span> <span class='ocrx_word' id='word_1_60' title='bbox 418 1318 455 1386; x_wconf 92' lang='lat' dir='ltr'>in</span> <span class='ocrx_word' id='word_1_61' title='bbox 490 1314 673 1408; x_wconf 81' lang='lat' dir='ltr'>praesenti</span> <span class='ocrx_word' id='word_1_62' title='bbox 708 1314 754 1381; x_wconf 90' lang='lat' dir='ltr'>de</span> <span class='ocrx_word' id='word_1_63' title='bbox 795 1319 1029 1406; x_wconf 82' lang='lat' dir='ltr'>proventibus</span> <span class='ocrx_word' id='word_1_64' title='bbox 1069 1320 1147 1407; x_wconf 89' lang='lat' dir='ltr'>qui·</span> 
     </span>
     <span class='ocr_line' id='line_1_10' title="bbox 109 1437 1149 1532; baseline -0.005 -19"><span class='ocrx_word' id='word_1_65' title='bbox 109 1442 299 1532; x_wconf 74' lang='lat' dir='ltr'>luemque</span> <span class='ocrx_word' id='word_1_66' title='bbox 318 1462 380 1509; x_wconf 87' lang='lat' dir='ltr'>res</span> <span class='ocrx_word' id='word_1_67' title='bbox 401 1439 562 1506; x_wconf 87' lang='lat' dir='ltr'>valentes</span> <span class='ocrx_word' id='word_1_68' title='bbox 583 1445 656 1505; x_wconf 88' lang='lat' dir='ltr'>tres</span> <span class='ocrx_word' id='word_1_69' title='bbox 674 1457 890 1525; x_wconf 83' lang='lat' dir='ltr'>sexagenas,</span> <span class='ocrx_word' id='word_1_70' title='bbox 925 1448 986 1506; x_wconf 88' lang='lat' dir='ltr'>out</span> <span class='ocrx_word' id='word_1_71' title='bbox 1013 1437 1149 1508; x_wconf 89' lang='lat' dir='ltr'>duode-</span> 
     </span>
     <span class='ocr_line' id='line_1_11' title="bbox 112 1551 1150 1657; baseline -0.008 -26"><span class='ocrx_word' id='word_1_72' title='bbox 112 1561 173 1631; x_wconf 85' lang='lat' dir='ltr'>cim</span> <span class='ocrx_word' id='word_1_73' title='bbox 195 1563 374 1643; x_wconf 79' lang='lat' dir='ltr'>florenos,</span> <span class='ocrx_word' id='word_1_74' title='bbox 400 1569 437 1657; x_wconf 82' lang='lat' dir='ltr'>et</span> <span class='ocrx_word' id='word_1_75' title='bbox 461 1557 665 1647; x_wconf 85' lang='lat' dir='ltr'>quamcito</span> <span class='ocrx_word' id='word_1_76' title='bbox 687 1551 829 1625; x_wconf 87' lang='lat' dir='ltr'>habebo</span> <span class='ocrx_word' id='word_1_77' title='bbox 848 1581 904 1627; x_wconf 87' lang='lat' dir='ltr'>res</span> <span class='ocrx_word' id='word_1_78' title='bbox 926 1568 1065 1632; x_wconf 85' lang='lat' dir='ltr'>tantum</span> <span class='ocrx_word' id='word_1_79' title='bbox 1087 1561 1150 1637; x_wconf 73' lang='lat' dir='ltr'>va.</span> 
     </span>
     <span class='ocr_line' id='line_1_12' title="bbox 115 1678 1148 1773; baseline 0.002 -23"><span class='ocrx_word' id='word_1_80' title='bbox 115 1681 229 1768; x_wconf 82' lang='lat' dir='ltr'>lentes,</span> <span class='ocrx_word' id='word_1_81' title='bbox 268 1682 431 1751; x_wconf 85' lang='lat' dir='ltr'>libenter</span> <span class='ocrx_word' id='word_1_82' title='bbox 453 1681 659 1773; x_wconf 86' lang='lat' dir='ltr'>persolvam</span> <span class='ocrx_word' id='word_1_83' title='bbox 681 1678 758 1748; x_wconf 89' lang='lat' dir='ltr'>sine</span> <span class='ocrx_word' id='word_1_84' title='bbox 785 1679 986 1764; x_wconf 83' lang='lat' dir='ltr'>dilatione3</span> <span class='ocrx_word' id='word_1_85' title='bbox 1023 1693 1059 1752; x_wconf 89' lang='lat' dir='ltr'>ct</span> <span class='ocrx_word' id='word_1_86' title='bbox 1088 1689 1148 1757; x_wconf 86' lang='lat' dir='ltr'>illi</span> 
     </span>
     <span class='ocr_line' id='line_1_13' title="bbox 119 1801 1149 1893; baseline 0.011 -23"><span class='ocrx_word' id='word_1_87' title='bbox 119 1801 174 1873; x_wconf 91' lang='lat' dir='ltr'>duo</span> <span class='ocrx_word' id='word_1_88' title='bbox 190 1814 273 1874; x_wconf 89' lang='lat' dir='ltr'>tunc</span> <span class='ocrx_word' id='word_1_89' title='bbox 297 1804 451 1877; x_wconf 82' lang='lat' dir='ltr'>dicant:</span> <span class='ocrx_word' id='word_1_90' title='bbox 480 1802 637 1874; x_wconf 82' lang='lat' dir='ltr'>firmiter</span> <span class='ocrx_word' id='word_1_91' title='bbox 663 1803 841 1870; x_wconf 86' lang='lat' dir='ltr'>credimus</span> <span class='ocrx_word' id='word_1_92' title='bbox 862 1802 914 1870; x_wconf 89' lang='lat' dir='ltr'>ita</span> <span class='ocrx_word' id='word_1_93' title='bbox 934 1824 1008 1874; x_wconf 71' lang='lat' dir='ltr'>&#39;esse</span> <span class='ocrx_word' id='word_1_94' title='bbox 1020 1859 1031 1893; x_wconf 84' lang='lat'><strong><em>,</em></strong></span> <span class='ocrx_word' id='word_1_95' title='bbox 1057 1810 1149 1880; x_wconf 85' lang='lat' dir='ltr'>sicut</span> 
     </span>
     <span class='ocr_line' id='line_1_14' title="bbox 120 1920 1148 2015; baseline 0.005 -25"><span class='ocrx_word' id='word_1_96' title='bbox 120 1920 183 2013; x_wconf 83' lang='lat' dir='ltr'>lpse</span> <span class='ocrx_word' id='word_1_97' title='bbox 200 1928 275 2011; x_wconf 87' lang='lat' dir='ltr'>jam</span> <span class='ocrx_word' id='word_1_98' title='bbox 302 1924 421 2006; x_wconf 81' lang='lat' dir='ltr'>dixit,</span> <span class='ocrx_word' id='word_1_99' title='bbox 461 1931 496 1991; x_wconf 91' lang='lat' dir='ltr'>et</span> <span class='ocrx_word' id='word_1_100' title='bbox 521 1924 619 1994; x_wconf 86' lang='lat' dir='ltr'>idem</span> <span class='ocrx_word' id='word_1_101' title='bbox 644 1933 771 2015; x_wconf 89' lang='lat' dir='ltr'>petens</span> <span class='ocrx_word' id='word_1_102' title='bbox 798 1947 878 1993; x_wconf 89' lang='lat' dir='ltr'>cum</span> <span class='ocrx_word' id='word_1_103' title='bbox 908 1924 983 1991; x_wconf 92' lang='lat' dir='ltr'>illis</span> <span class='ocrx_word' id='word_1_104' title='bbox 1013 1928 1148 2003; x_wconf 86' lang='lat' dir='ltr'>duobus</span> 
     </span>
     <span class='ocr_line' id='line_1_15' title="bbox 123 2043 1265 2137; baseline 0.007 -26"><span class='ocrx_word' id='word_1_105' title='bbox 123 2043 279 2115; x_wconf 73' lang='lat' dir='ltr'>scribatur</span> <span class='ocrx_word' id='word_1_106' title='bbox 306 2043 355 2114; x_wconf 89' lang='lat' dir='ltr'>ad</span> <span class='ocrx_word' id='word_1_107' title='bbox 371 2053 477 2118; x_wconf 77' lang='lat' dir='ltr'>unum</span> <span class='ocrx_word' id='word_1_108' title='bbox 494 2045 690 2137; x_wconf 77' lang='lat' dir='ltr'>specialem</span> <span class='ocrx_word' id='word_1_109' title='bbox 714 2045 834 2113; x_wconf 91' lang='lat' dir='ltr'>locum</span> <span class='ocrx_word' id='word_1_110' title='bbox 857 2046 896 2113; x_wconf 91' lang='lat' dir='ltr'>in</span> <span class='ocrx_word' id='word_1_111' title='bbox 917 2047 1013 2117; x_wconf 87' lang='lat' dir='ltr'>libro</span> <span class='ocrx_word' id='word_1_112' title='bbox 1037 2050 1153 2119; x_wconf 88' lang='lat' dir='ltr'>facul·</span> <span class='ocrx_word' id='word_1_113' title='bbox 1262 2087 1265 2094; x_wconf 79' lang='lat'><em>,</em></span> 
     </span>
     <span class='ocr_line' id='line_1_16' title="bbox 125 2166 1156 2264; baseline 0.009 -31"><span class='ocrx_word' id='word_1_114' title='bbox 125 2166 190 2234; x_wconf 77' lang='lat' dir='ltr'>latis</span> <span class='ocrx_word' id='word_1_115' title='bbox 211 2168 279 2241; x_wconf 85' lang='lat' dir='ltr'>sub</span> <span class='ocrx_word' id='word_1_116' title='bbox 311 2167 380 2236; x_wconf 85' lang='lat' dir='ltr'>tali</span> <span class='ocrx_word' id='word_1_117' title='bbox 404 2166 548 2241; x_wconf 84' lang='lat' dir='ltr'>forma:</span> <span class='ocrx_word' id='word_1_118' title='bbox 589 2167 674 2236; x_wconf 87' lang='lat' dir='ltr'>talis</span> <span class='ocrx_word' id='word_1_119' title='bbox 706 2169 753 2237; x_wconf 86' lang='lat' dir='ltr'>A.</span> <span class='ocrx_word' id='word_1_120' title='bbox 778 2169 998 2241; x_wconf 85' lang='lat' dir='ltr'>baccalorius</span> <span class='ocrx_word' id='word_1_121' title='bbox 1021 2175 1156 2264; x_wconf 87' lang='lat' dir='ltr'>petivit</span> 
     </span>
     <span class='ocr_line' id='line_1_17' title="bbox 126 2290 1157 2373; baseline 0.005 -16"><span class='ocrx_word' id='word_1_122' title='bbox 126 2309 188 2358; x_wconf 80' lang='lat' dir='ltr'>cum</span> <span class='ocrx_word' id='word_1_123' title='bbox 209 2292 419 2361; x_wconf 84' lang='lat' dir='ltr'>testimonio</span> <span class='ocrx_word' id='word_1_124' title='bbox 442 2294 591 2368; x_wconf 88' lang='lat' dir='ltr'>duorum</span> <span class='ocrx_word' id='word_1_125' title='bbox 616 2290 884 2361; x_wconf 90' lang='lat' dir='ltr'>honorabilium</span> <span class='ocrx_word' id='word_1_126' title='bbox 907 2293 952 2360; x_wconf 86' lang='lat' dir='ltr'>B.</span> <span class='ocrx_word' id='word_1_127' title='bbox 977 2292 1008 2362; x_wconf 71' lang='lat' dir='ltr'>dc</span> <span class='ocrx_word' id='word_1_128' title='bbox 1038 2295 1082 2373; x_wconf 70' lang='lat' dir='ltr'>C,</span> <span class='ocrx_word' id='word_1_129' title='bbox 1101 2295 1157 2362; x_wconf 89' lang='lat' dir='ltr'>di-</span> 
     </span>
     <span class='ocr_line' id='line_1_18' title="bbox 130 2411 1158 2498; baseline 0.001 -17"><span class='ocrx_word' id='word_1_130' title='bbox 130 2411 312 2483; x_wconf 69' lang='lat' dir='ltr'>missionem</span> <span class='ocrx_word' id='word_1_131' title='bbox 334 2416 527 2498; x_wconf 85' lang='lat' dir='ltr'>bursarum,</span> <span class='ocrx_word' id='word_1_132' title='bbox 549 2425 588 2482; x_wconf 89' lang='lat' dir='ltr'>ut</span> <span class='ocrx_word' id='word_1_133' title='bbox 609 2415 768 2485; x_wconf 87' lang='lat' dir='ltr'>inferius.</span> <span class='ocrx_word' id='word_1_134' title='bbox 817 2415 977 2487; x_wconf 84' lang='lat' dir='ltr'>Decanus</span> <span class='ocrx_word' id='word_1_135' title='bbox 1000 2424 1080 2484; x_wconf 90' lang='lat' dir='ltr'>tunc</span> <span class='ocrx_word' id='word_1_136' title='bbox 1105 2417 1158 2483; x_wconf 89' lang='lat' dir='ltr'>in·</span> 
     </span>
     <span class='ocr_line' id='line_1_19' title="bbox 132 2530 1158 2635; baseline 0.005 -32"><span class='ocrx_word' id='word_1_137' title='bbox 132 2530 213 2604; x_wconf 85' lang='lat' dir='ltr'>dulta</span> <span class='ocrx_word' id='word_1_138' title='bbox 228 2537 411 2633; x_wconf 89' lang='lat' dir='ltr'>petitione</span> <span class='ocrx_word' id='word_1_139' title='bbox 433 2538 597 2631; x_wconf 83' lang='lat' dir='ltr'>injungat</span> <span class='ocrx_word' id='word_1_140' title='bbox 624 2537 742 2606; x_wconf 87' lang='lat' dir='ltr'>eidem</span> <span class='ocrx_word' id='word_1_141' title='bbox 757 2539 910 2635; x_wconf 83' lang='lat' dir='ltr'>petenti,</span> <span class='ocrx_word' id='word_1_142' title='bbox 935 2546 974 2608; x_wconf 92' lang='lat' dir='ltr'>ut</span> <span class='ocrx_word' id='word_1_143' title='bbox 990 2539 1158 2610; x_wconf 89' lang='lat' dir='ltr'>continue</span> 
     </span>
     <span class='ocr_line' id='line_1_20' title="bbox 130 2653 1157 2753; baseline 0.006 -26"><span class='ocrx_word' id='word_1_144' title='bbox 130 2653 273 2742; x_wconf 83' lang='lat' dir='ltr'>iuterim,</span> <span class='ocrx_word' id='word_1_145' title='bbox 310 2659 403 2750; x_wconf 88' lang='lat' dir='ltr'>quod</span> <span class='ocrx_word' id='word_1_146' title='bbox 426 2684 502 2730; x_wconf 88' lang='lat' dir='ltr'>non</span> <span class='ocrx_word' id='word_1_147' title='bbox 523 2661 692 2744; x_wconf 87' lang='lat' dir='ltr'>solverit,</span> <span class='ocrx_word' id='word_1_148' title='bbox 735 2661 901 2753; x_wconf 83' lang='lat' dir='ltr'>proxima</span> <span class='ocrx_word' id='word_1_149' title='bbox 930 2661 990 2730; x_wconf 92' lang='lat' dir='ltr'>die</span> <span class='ocrx_word' id='word_1_150' title='bbox 1025 2662 1157 2733; x_wconf 88' lang='lat' dir='ltr'>festiva</span> 
     </span>
     <span class='ocr_line' id='line_1_21' title="bbox 132 2774 1157 2879; baseline 0.007 -31"><span class='ocrx_word' id='word_1_151' title='bbox 132 2789 196 2869; x_wconf 78' lang='lat' dir='ltr'>post</span> <span class='ocrx_word' id='word_1_152' title='bbox 212 2774 294 2851; x_wconf 85' lang='lat' dir='ltr'>novi</span> <span class='ocrx_word' id='word_1_153' title='bbox 314 2783 441 2850; x_wconf 87' lang='lat' dir='ltr'>decani</span> <span class='ocrx_word' id='word_1_154' title='bbox 468 2784 683 2854; x_wconf 86' lang='lat' dir='ltr'>electionem</span> <span class='ocrx_word' id='word_1_155' title='bbox 708 2783 828 2854; x_wconf 87' lang='lat' dir='ltr'>veniat</span> <span class='ocrx_word' id='word_1_156' title='bbox 852 2785 900 2852; x_wconf 86' lang='lat' dir='ltr'>ad</span> <span class='ocrx_word' id='word_1_157' title='bbox 921 2787 1072 2857; x_wconf 82' lang='lat' dir='ltr'>eundem</span> <span class='ocrx_word' id='word_1_158' title='bbox 1091 2811 1157 2879; x_wconf 73' lang='lat' dir='ltr'>pe-</span> 
     </span>
     <span class='ocr_line' id='line_1_22' title="bbox 134 2903 1156 3000; baseline 0.006 -33"><span class='ocrx_word' id='word_1_159' title='bbox 134 2903 221 2971; x_wconf 82' lang='lat' dir='ltr'>tendo</span> <span class='ocrx_word' id='word_1_160' title='bbox 242 2927 311 3000; x_wconf 88' lang='lat' dir='ltr'>pro</span> <span class='ocrx_word' id='word_1_161' title='bbox 330 2905 492 2973; x_wconf 88' lang='lat' dir='ltr'>ulteriori</span> <span class='ocrx_word' id='word_1_162' title='bbox 514 2906 712 2992; x_wconf 87' lang='lat' dir='ltr'>dilatione,</span> <span class='ocrx_word' id='word_1_163' title='bbox 747 2907 915 2993; x_wconf 82' lang='lat' dir='ltr'>quoniam</span> <span class='ocrx_word' id='word_1_164' title='bbox 938 2905 1053 2975; x_wconf 92' lang='lat' dir='ltr'>adhuc</span> <span class='ocrx_word' id='word_1_165' title='bbox 1074 2930 1156 2999; x_wconf 77' lang='lat' dir='ltr'>per-</span> 
     </span>
     <span class='ocr_line' id='line_1_23' title="bbox 136 3024 1159 3116; baseline 0.001 -23"><span class='ocrx_word' id='word_1_166' title='bbox 136 3025 249 3095; x_wconf 74' lang='lat' dir='ltr'>tolvere</span> <span class='ocrx_word' id='word_1_167' title='bbox 268 3027 481 3116; x_wconf 83' lang='lat' dir='ltr'>nequiverit,</span> <span class='ocrx_word' id='word_1_168' title='bbox 505 3027 590 3094; x_wconf 91' lang='lat' dir='ltr'>etsi</span> <span class='ocrx_word' id='word_1_169' title='bbox 611 3024 681 3094; x_wconf 88' lang='lat' dir='ltr'>hoc</span> <span class='ocrx_word' id='word_1_170' title='bbox 701 3026 864 3116; x_wconf 79' lang='lat' dir='ltr'>neglexit</span> <span class='ocrx_word' id='word_1_171' title='bbox 883 3027 1040 3106; x_wconf 85' lang='lat' dir='ltr'>interim,</span> <span class='ocrx_word' id='word_1_172' title='bbox 1061 3027 1159 3113; x_wconf 89' lang='lat' dir='ltr'>quod</span> 
     </span>
    </p>
   </div>
   <div class='ocr_carea' id='block_1_3' title="bbox 137 3147 1276 3728">
    <p class='ocr_par' dir='ltr' id='par_1_3' title="bbox 137 3147 1244 3607">
     <span class='ocr_line' id='line_1_24' title="bbox 137 3147 1157 3241; baseline 0.002 -29"><span class='ocrx_word' id='word_1_173' title='bbox 137 3156 178 3213; x_wconf 79' lang='lat' dir='ltr'>est</span> <span class='ocrx_word' id='word_1_174' title='bbox 198 3150 232 3217; x_wconf 93' lang='lat' dir='ltr'>in</span> <span class='ocrx_word' id='word_1_175' title='bbox 246 3151 382 3241; x_wconf 76' lang='lat' dir='ltr'>Praga,</span> <span class='ocrx_word' id='word_1_176' title='bbox 408 3169 454 3218; x_wconf 82' lang='lat' dir='ltr'>ex</span> <span class='ocrx_word' id='word_1_177' title='bbox 477 3160 561 3218; x_wconf 90' lang='lat' dir='ltr'>tuuc</span> <span class='ocrx_word' id='word_1_178' title='bbox 580 3148 732 3217; x_wconf 85' lang='lat' dir='ltr'>facultas</span> <span class='ocrx_word' id='word_1_179' title='bbox 756 3156 874 3215; x_wconf 89' lang='lat' dir='ltr'>totam</span> <span class='ocrx_word' id='word_1_180' title='bbox 894 3149 1083 3239; x_wconf 87' lang='lat' dir='ltr'>pecuniam</span> <span class='ocrx_word' id='word_1_181' title='bbox 1111 3147 1157 3214; x_wconf 92' lang='lat' dir='ltr'>ab</span> 
     </span>
     <span class='ocr_line' id='line_1_25' title="bbox 138 3267 1158 3363; baseline 0.002 -27"><span class='ocrx_word' id='word_1_182' title='bbox 138 3271 247 3339; x_wconf 76' lang='lat' dir='ltr'>eodem</span> <span class='ocrx_word' id='word_1_183' title='bbox 281 3273 442 3363; x_wconf 86' lang='lat' dir='ltr'>rigorose</span> <span class='ocrx_word' id='word_1_184' title='bbox 477 3271 586 3349; x_wconf 85' lang='lat' dir='ltr'>debet</span> <span class='ocrx_word' id='word_1_185' title='bbox 621 3281 842 3362; x_wconf 80' lang='lat' dir='ltr'>extorquere.</span> <span class='ocrx_word' id='word_1_186' title='bbox 908 3267 1009 3343; x_wconf 86' lang='lat' dir='ltr'>Idem</span> <span class='ocrx_word' id='word_1_187' title='bbox 1047 3269 1158 3361; x_wconf 76' lang='lat' dir='ltr'>debet</span> 
     </span>
     <span class='ocr_line' id='line_1_26' title="bbox 137 3388 1276 3537; baseline 0.003 -83"><span class='ocrx_word' id='word_1_188' title='bbox 137 3388 246 3463; x_wconf 77' lang='lat' dir='ltr'>referri</span> <span class='ocrx_word' id='word_1_189' title='bbox 272 3394 320 3462; x_wconf 88' lang='lat' dir='ltr'>ad</span> <span class='ocrx_word' id='word_1_190' title='bbox 343 3394 604 3487; x_wconf 83' lang='lat' dir='ltr'>magistrandos</span> <span class='ocrx_word' id='word_1_191' title='bbox 628 3404 791 3494; x_wconf 85' lang='lat' dir='ltr'>petentes</span> <span class='ocrx_word' id='word_1_192' title='bbox 816 3390 1060 3460; x_wconf 79' lang='lat' dir='ltr'>dimissionem</span> <span class='ocrx_word' id='word_1_193' title='bbox 1094 3395 1182 3537; x_wconf 81' lang='lat' dir='ltr'>subf</span> <span class='ocrx_word' id='word_1_194' title='bbox 1184 3404 1276 3532; x_wconf 72' lang='lat' dir='ltr'>adm</span> 
     </span>
     <span class='ocr_line' id='line_1_27' title="bbox 137 3483 1226 3617; baseline 0.002 -38"><span class='ocrx_word' id='word_1_195' title='bbox 137 3513 204 3579; x_wconf 81' lang='lat' dir='ltr'>tua</span> <span class='ocrx_word' id='word_1_196' title='bbox 218 3513 349 3607; x_wconf 84' lang='lat' dir='ltr'>dupla,</span> <span class='ocrx_word' id='word_1_197' title='bbox 375 3524 412 3583; x_wconf 87' lang='lat' dir='ltr'>et</span> <span class='ocrx_word' id='word_1_198' title='bbox 435 3516 544 3585; x_wconf 87' lang='lat' dir='ltr'>etiam</span> <span class='ocrx_word' id='word_1_199' title='bbox 578 3510 672 3582; x_wconf 93' lang='lat' dir='ltr'>illi</span> <span class='ocrx_word' id='word_1_200' title='bbox 661 3536 698 3582; x_wconf 93' lang='lat' dir='ltr'>1n</span> <span class='ocrx_word' id='word_1_201' title='bbox 717 3512 868 3603; x_wconf 85' lang='lat' dir='ltr'>speciali</span> <span class='ocrx_word' id='word_1_202' title='bbox 889 3512 1008 3581; x_wconf 91' lang='lat' dir='ltr'>loco</span> <span class='ocrx_word' id='word_1_203' title='bbox 998 3533 1036 3580; x_wconf 90' lang='lat' dir='ltr'>m</span> <span class='ocrx_word' id='word_1_204' title='bbox 1061 3483 1226 3617; x_wconf 55' lang='lat' dir='ltr'>libroffinss}</span> 
     </span>
    </p>

    <p class='ocr_par' dir='ltr' id='par_1_4' title="bbox 137 3624 1267 3728">
     <span class='ocr_line' id='line_1_28' title="bbox 137 3624 1267 3728; baseline 0.004 -27"><span class='ocrx_word' id='word_1_205' title='bbox 137 3624 302 3705; x_wconf 75' lang='lat' dir='ltr'>facultatis</span> <span class='ocrx_word' id='word_1_206' title='bbox 325 3659 404 3707; x_wconf 89' lang='lat' dir='ltr'>cum</span> <span class='ocrx_word' id='word_1_207' title='bbox 431 3637 499 3707; x_wconf 84' lang='lat' dir='ltr'>suis</span> <span class='ocrx_word' id='word_1_208' title='bbox 527 3637 677 3707; x_wconf 78' lang='lat' dir='ltr'>testibus</span> <span class='ocrx_word' id='word_1_209' title='bbox 705 3634 842 3707; x_wconf 84' lang='lat' dir='ltr'>debent</span> <span class='ocrx_word' id='word_1_210' title='bbox 872 3636 976 3728; x_wconf 79' lang='lat' dir='ltr'>juxta</span> <span class='ocrx_word' id='word_1_211' title='bbox 1009 3631 1159 3709; x_wconf 78' lang='lat' dir='ltr'>modum</span> <span class='ocrx_word' id='word_1_212' title='bbox 1193 3649 1267 3691; x_wconf 71' lang='lat'><strong>⁸¹¹0·</strong></span> 
     </span>
    </p>
   </div>
   <div class='ocr_carea' id='block_1_4' title="bbox 1171 3323 1283 3379">
    <p class='ocr_par' dir='ltr' id='par_1_5' title="bbox 1171 3323 1283 3379">
     <span class='ocr_line' id='line_1_29' title="bbox 1171 3323 1283 3379; baseline 0.009 -3"><span class='ocrx_word' id='word_1_213' title='bbox 1171 3323 1264 3379; x_wconf 87' lang='lat' dir='ltr'>Soluti</span> <span class='ocrx_word' id='word_1_214' title='bbox 1266 3342 1283 3377; x_wconf 90' lang='lat' dir='ltr'>o</span> 
     </span>
    </p>
   </div>
   <div class='ocr_carea' id='block_1_5' title="bbox 58 3727 1268 3857">
    <p class='ocr_par' dir='ltr' id='par_1_6' title="bbox 58 3727 1268 3857">
     <span class='ocr_line' id='line_1_30' title="bbox 58 3727 1268 3857; baseline -0.006 -23"><span class='ocrx_word' id='word_1_215' title='bbox 58 3759 61 3801; x_wconf 74' lang='lat'>³</span> <span class='ocrx_word' id='word_1_216' title='bbox 138 3757 384 3857; x_wconf 59' lang='lat' dir='ltr'>suscriptum</span> <span class='ocrx_word' id='word_1_217' title='bbox 405 3758 592 3844; x_wconf 75' lang='lat' dir='ltr'>collocari,</span> <span class='ocrx_word' id='word_1_218' title='bbox 1189 3727 1268 3784; x_wconf 65' lang='lat'>&#39;‘¹¹¹&#39;’</span> 
     </span>
    </p>
   </div>
   <div class='ocr_carea' id='block_1_6' title="bbox 0 0 1411 4732">
    <p class='ocr_par' dir='ltr' id='par_1_7' title="bbox 0 0 1411 4732">
     <span class='ocr_line' id='line_1_31' title="bbox 0 0 1411 4732; baseline 0 0"><span class='ocrx_word' id='word_1_219' title='bbox 0 0 1411 4732; x_wconf 95' lang='lat' dir='ltr'> </span> 
     </span>
    </p>
   </div>
  </div>
 </body>
</html>
