2714 4740
97 291 215 377 ¹,nasa
238 295 329 364 vm.
346 292 408 360 1x.·
482 238 483 241 Ὺ
1077 305 1119 373 99

580 404 592 442 Ι

54 487 219 559 deberet
257 511 432 583 reponere
465 488 657 580 pecuniam
698 490 747 557 ad
790 493 917 563 cistam
955 499 1116 579 eandem,

52 608 260 709 praesente
279 621 402 681 tamen
425 612 571 694 decano,
594 603 684 700 quae
707 613 776 681 sibi
810 628 1039 708 praesentata
1060 621 1116 690 io·

50 745 114 805 ret
140 736 184 802 in
209 734 277 803 illo
313 756 455 815 mense,
489 741 528 799 et·
550 712 657 801 nihilv
675 733 784 825 ipsius
820 749 1046 808 converteret
1079 742 1116 809 in

51 882 164 939 usum
185 881 302 939 suum,
323 865 359 929 ut
386 856 565 945 hucusque
585 856 764 927 interdum
787 861 1041 952 contingebat,
1071 861 1115 930 li·

54 970 123 1050 cet*
139 989 311 1072 tempore
334 977 612 1070 computationis
632 979 690 1048 vel
709 989 794 1076 post
803 990 880 1051 tota
901 982 1116 1064 solveretur,

576 1143 611 1214 3.

53 1284 120 1361 De
150 1279 224 1361 loa
249 1277 527 1360 baccalarioruns
560 1282 599 1358 in
634 1302 741 1357 sacra
765 1276 941 1386 theologia
968 1261 1116 1364 venien-¹

202 1411 296 1486 tium
320 1432 396 1485 cuns
421 1409 537 1509 cappis
561 1402 615 1482 ad
633 1423 734 1484 actus
757 1423 794 1483 et
818 1406 978 1489 concilia.

163 1555 260 1625 Item
280 1580 338 1634 ao.
361 1578 428 1645 qno
449 1578 565 1646 supra,
588 1554 622 1622 8.
635 1554 693 1621 die
714 1535 841 1622 mensis
861 1555 963 1624 Junii
986 1557 1023 1626 in
1036 1561 1117 1653 ple·

54 1705 108 1751 na
125 1678 410 1772 congregatione
429 1674 611 1772 facultatis
634 1681 800 1744 statutum
823 1672 891 1744 fuit
914 1683 951 1744 et
972 1681 1116 1751 conclu·

58 1827 154 1893 sum,
173 1800 268 1891 quod
289 1798 485 1867 baccalarii
507 1800 545 1865 in
570 1801 671 1865 saera
684 1785 872 1890 theologia
894 1797 942 1865 ad
962 1811 1059 1876 actus
1078 1814 1116 1874 et

58 1927 109 1995 ad
125 1922 430 2015 congregationes
445 1920 626 1990 facultatis
647 1919 684 1988 in
704 1921 832 2014 cappis
843 1923 1027 1998 venientes
1048 1931 1115 2001 suis
1187 1914 1192 1925 ³

58 2068 173 2137 super
199 2042 380 2135 simplices
400 2041 586 2132 magistros
611 2041 646 2109 in
673 2037 807 2110 artibus
829 2041 949 2111 locum
976 2044 1114 2119 habere

60 2168 212 2247 debent,
238 2162 330 2231 infra
349 2173 472 2230 tamen
495 2163 668 2231 decanum
690 2160 884 2246 facultatis,
908 2166 969 2253 qui
993 2167 1043 2234 eis
1063 2194 1115 2240 se.
1190 2221 1195 2234 .

59 2287 222 2355 cundum
249 2291 415 2353 statutum
442 2284 481 2351 in
515 2281 710 2374 praedictis
734 2283 872 2348 actibus
901 2294 937 2349 et
965 2307 1117 2378 congre.

60 2409 275 2500 gationibus
309 2416 362 2474 est
394 2403 686 2506 praeferendus,¹
709 2402 891 2469 venientes
926 2413 1049 2495 autern
1080 2408 1117 2475 in
1170 2497 1178 2524 1

62 2529 229 2600 tabardis
274 2529 367 2597 inter
402 2530 494 2597 alios
531 2525 721 2620 magistros
756 2524 947 2595 seeundum
981 2527 1117 2599 senium

59 2659 224 2730 habeant
253 2663 290 2723 et
320 2678 391 2723 non
422 2655 526 2724 ultra.

368 2877 508 2951 NONA
534 2879 781 2953 RUBRICA.

578 3050 613 3120 1.

53 3197 118 3278 De
143 3186 348 3273 excessibus
382 3208 418 3270 et
437 3193 560 3295 poenis
584 3209 915 3298 transgressorum.
945 3189 1119 3272 Exclusis

505 3318 669 3404 Boleslai.

157 3465 256 3535 Item
284 3465 321 3536 in
343 3469 516 3538 decanatu
541 3491 636 3560 mag.
659 3466 802 3538 Nicolai
832 3467 966 3553 Gubin,
992 3468 1117 3541 multis

54 3588 229 3658 conciliis
251 3595 287 3653 ot
313 3591 521 3660 tractatibus
543 3589 777 3681 praehabitis,
798 3589 844 3658 sle
867 3589 1019 3659 concilio
1042 3588 1118 3662 dni.

42 3702 371 3810 ·vieeoarioellarii,
397 3734 496 3803 mag.
520 3684 707 3782 Boleslaus
739 3719 890 3804 propter
909 3720 1057 3801 gravem
1079 3710 1118 3778 bt

55 3855 249 3903 enormem
274 3830 511 3920 iniquitatem,
542 3858 633 3925 quae
663 3807 787 3903 eontra
810 3854 889 3901 eum
917 3830 1116 3925 suspicaba-

52 3965 135 4039 tur,
176 3952 412 4025 vehementer
450 3967 485 4023 et
518 3957 664 4050 publice
706 3955 926 4041 famabatur,
963 3955 1117 4035 scilicet,

52 4077 163 4166 quod*
186 4074 321 4147 auxilia
357 4088 393 4143 et
424 4081 575 4148 consilia
600 4079 745 4150 dederit
777 4079 825 4148 ad
852 4072 1117 4170 jugulationem
