2700 4732
1085 235 1164 333 ,ιιι

201 430 295 506 item
327 422 438 500 nene.
465 418 685 515 Mostelyn,
681 416 920 514 licentietur,
940 383 1179 521 incepitsub

103 583 204 652 mag
193 549 425 647 Helmoldo
448 546 508 616 die
532 548 598 623 22.
1015 589 1065 607 ..

199 676 295 745 Item
332 670 394 741 die
423 666 556 744 eodem
578 664 653 737 det.-
682 623 814 766 Paulus
844 658 1060 764 Aldenburg
1089 672 1155 771 sub

105 800 246 871 eodem

105 1023 362 1109 Decortotus
391 1035 511 1122 mog
545 1007 731 1096 Nicolos'
754 1006 894 1098 Stocs·
924 1010 978 1097 de
999 1008 1218 1128 stood»

576 1146 701 1234 tticz

104 1301 235 1437 Anno
265 1364 409 1436 Domini
440 1356 554 1436 1399.“
586 1359 646 1432 19.
668 1355 728 1430 die
752 1328 882 1430 mensis
911 1294 1052 1456 Aprilis
1080 1383 1150 1458 ego

104 1509 204 1585 mag,
239 1491 410 1558 Nicolaus
444 1485 550 1554 Stoer
584 1483 629 1552 de
652 1475 845 1575 Swydnicz
876 1466 1013 1582 electus
1038 1489 1090 1557 fui
1113 1493 1151 1581 iu

103 1607 274 1683 decanum
295 1610 477 1679 facultatis
504 1609 633 1679 artium
654 1608 766 1677 studii
793 1607 994 1698 Pragensis,
1024 1614 1148 1697 juravi,
1175 1644 1180 1658 ·

99 1763 144 1807 ac
170 1737 342 1830 promissa
369 1759 390 1803 a
414 1733 524 1826 nigris
549 1755 619 1826 pro
648 1740 732 1799 tunc
759 1733 1000 1826 praesentibus
1029 1757 1147 1806 secum·

101 1862 186 1928 dnm
213 1865 343 1927 statuta
364 1857 525 1942 ejusdem
545 1853 726 1922 facultatis
746 1846 870 1944 recepi
895 1860 964 1923 etc.

193 1981 286 2049 Item
305 2002 395 2048 anno
406 1978 545 2063 eodem,
566 1977 626 2045 die
640 1978 705 2055 20.
722 1975 852 2064 mensis
868 1976 1010 2068 Aprilis
1036 1938 1145 2048 electi

98 2105 238 2175 fuerunt
259 2094 469 2168 collectores
481 2091 713 2190 pecuniarum
733 2096 1062 2190 facultatismmag
1082 2104 1144 2179 Jo

95 2232 228 2299 Artsen
248 2230 282 2291 et
300 2244 397 2313 mag.
419 2222 542 2289 Petrus
563 2221 713 2297 Posern,

192 2346 286 2413 Item
319 2343 379 2411 die
413 2338 539 2409 eodem
562 2329 669 2409 electi
699 2331 840 2418 fuerunt
865 2368 1052 2419 assessores
1073 2373 1143 2452 pro

97 2469 275 2540 audiendo
314 2472 488 2556 computo
536 2462 745 2546 facultatist
793 2491 892 2561 mag.
927 2469 1141 2565 Ludolplrus

100 2598 349 2685 Meysterman
370 2597 409 2653 et
433 2609 526 2676 mag.
546 2584 682 2662 Ducho,

190 2713 285 2781 Item
305 2701 365 2775 die
381 2707 506 2775 eodem
523 2705 668 2776 fuerunt
687 2706 850 2802 deputati
868 2723 1021 2802 quatuor
1043 2718 1150 2811 nigri„

101 2841 145 2908 de
163 2846 311 2926 quatuor
323 2829 527 2902 nationibus
545 2826 591 2897 ael
611 2830 763 2901 dandam
784 2833 969 2904 licentiam
989 2839 1137 2931 legendi

99 2967 135 3032 in
155 2961 297 3053 privato
319 2961 356 3024 et
384 2947 503 3022 literas
525 2954 832 3043 recognitionum:
858 2979 954 3049 mag.
981 2959 1137 3053 Steplraa

95 3110 156 3158 nus
179 3085 224 3151 de
244 3079 386 3161 Palecz,
407 3099 507 3166 mag,
528 3076 695 3145 Erasmus
715 3076 822 3144 Elias
846 3077 891 3144 de
921 3080 1021 3164 Nisa,
1038 3097 1140 3175 mag·

95 3206 270 3283 Arnoldns
289 3203 334 3270 ‹le
347 3201 561 3293 Stargardia
586 3202 736 3290 ct‘nrag.
750 3198 904 3271 «lacobus
925 3202 971 3270 de
990 3202 1139 3291 Athisi3

92 3334 232 3428 primos
247 3328 290 3392 de
312 3325 453 3393 natione
469 3322 720 3408 Bohemornm,
733 3324 900 3392 secundus
905 3325 1138 3407 Polonorum,
1259 3384 1263 3399 .

93 3453 219 3524 tertius
250 3447 437 3524 Saxonum,
459 3455 595 3536 quartus
618 3446 826 3520 clamatione
846 3445 1078 3524 Bavarorum
1166 3499 1175 3547 ·1

190 3575 309 3653 Anno,
330 3591 397 3656 quo
416 3589 535 3658 supra,
553 3592 620 3661 pro
644 3569 815 3652 examine,
835 3567 931 3657 quod
945 3567 1031 3637 fieri
1044 3561 1139 3639 solet

93 3699 130 3768 in
150 3706 299 3785 quatuor
319 3692 534 3783 temporibus
554 3701 635 3783 post
646 3691 776 3759 festum
790 3668 1017 3783 pentecostes
1030 3691 1181 3801 electi
1275 3682 1278 3689 ’

91 3813 278 3887 fuerunt
268 3835 306 3880 ιιι
332 3811 584 3896 examinatores
616 3819 762 3901 quatuor
790 3810 930 3908 mgni
918 3811 963 3880 (le
993 3818 1139 3898 quatuor

92 3933 294 4006 nationibus
324 3930 368 3999 ad
401 3931 573 4002 decanum
609 3931 819 4018 facultatis,
851 3901 1022 4001 videlicet
1039 3949 1183 4040 mag,.„⁹

616 4057 666 4128 23
