2700 4732
99 236 166 305 322

104 420 262 501 clrowitn
294 418 355 490 dle
381 416 418 493 6.
452 412 581 487 memte
609 412 707 505 Maji
739 416 831 495 dett.
861 418 924 491 rub
948 446 1048 527 nug.
1071 425 1144 499 Ste-

55 576 60 587 ·
103 551 228 651 phano
252 540 297 612 de
323 537 469 619 Paleou.
989 552 995 561 ·

200 668 296 737 Item
314 662 476 733 Thomas
500 659 546 729 de
561 656 726 731 Rationis
747 666 807 737 28·
826 666 887 736 die
905 668 1039 739 mensis
1058 672 1144 759 ejas·

105 796 189 867 dem
211 792 293 861 det.
310 785 378 853 snb
397 804 494 875 mag.
514 784 678 857 Joannne
702 789 748 857 de
767 786 916 861 Motha.

199 912 293 982 Item
324 906 386 975 die
418 902 457 983 5.
488 907 619 974 mensis
650 906 744 995 Maii
777 904 816 977 in
850 912 962 1003 pleno
992 913 1145 985 concilio

106 1035 293 1111 facultatis
321 1027 521 1096 conclusum
540 1026 607 1097 fuit
631 1029 733 1098 nullo
757 1028 1035 1121 contradicente,
1056 1034 1145 1127 qnod

106 1160 258 1231 decanus
289 1149 333 1219 de
354 1148 517 1243 pecuniis
539 1146 722 1219 facultatis
755 1152 884 1221 artium
908 1150 1060 1225 deberet
1079 1178 1146 1225 ma·

102 1254 231 1379 ¹gistris
266 1277 312 1344 de
343 1271 502 1363 collegio
535 1270 629 1362 regie
651 1270 854 1343 wenceslai
880 1274 968 1345 dare
998 1278 1023 1349 6
1053 1296 1146 1345 sexa-

105 1426 217 1501 genas
233 1420 438 1497 groesmum
456 1418 525 1489 pro
546 1397 697 1467 lectorio
727 1398 862 1467 ibidem
884 1398 1063 1488 faciendo,
1084 1406 1143 1476 sub

104 1531 172 1601 tali
194 1539 315 1596 tamen
336 1520 555 1605 conditione,
581 1518 680 1608 quod
710 1518 863 1589 facultas
891 1524 1021 1595 artium
1038 1524 1141 1595 halre-

104 1662 282 1726 retusum
314 1647 388 1731 ejus
410 1642 574 1730 lectorii3
612 1650 650 1709 et
675 1639 748 1710 hoo
766 1638 927 1729 decanus,
946 1644 1026 1713 scil.
1053 1672 1143 1745 mag.

106 1776 237 1847 l'etrus
256 1771 390 1839 Posern
411 1765 530 1833 dando
551 1769 602 1833 eis
623 1764 813 1857 pecuniam
833 1766 1059 1858 adimplevit.

106 1974 112 1981 ,
200 1894 294 1963 Item
312 1886 438 1956 eodem
466 1907 560 1953 anno
591 1887 655 1957 26.
684 1877 743 1951 die
778 1886 905 1955 mensis
927 1888 1019 1975 Maii
1047 1890 1146 1961 facta

104 2020 216 2115 plena
235 2008 516 2104 congregatione
536 2006 714 2077 facultatis
731 2008 795 2077 sub
816 2006 886 2077 hac
907 2006 1042 2085 forma:
1061 2015 1145 2083 Ma·

102 2144 218 2236 gister
243 2128 461 2207 reverende!
496 2130 573 2200 sitis
603 2128 714 2198 hodie
732 2131 823 2201 hora
845 2133 905 2205 17.
927 2134 964 2200 in
992 2138 1144 2227 concilio

100 2260 289 2363 ¹facultatis
311 2256 356 2324 ad
380 2253 583 2338 videndum,
610 2276 655 2322 an
677 2264 894 2347 conceptum
916 2256 1141 2350 dmagistro·

102 2409 184 2459 ¹rum
204 2405 271 2476 per
293 2378 503 2448 facultatem
526 2374 781 2467 deputatorum
803 2398 907 2468 super
935 2379 1142 2469 quibusdam

106 2505 266 2583 articulis
295 2505 444 2570 relatum
478 2497 646 2566 facultati
676 2499 723 2566 sit
750 2498 910 2569 finaliter
934 2503 1145 2571 concluden-

101 2604 378 2704 'dumtotaliten
401 2620 460 2687 vel
480 2623 517 2687 in
537 2629 660 2712 parte,
686 2623 751 2690 snb
769 2643 888 2713 poena
913 2625 1076 2715 praestiti
1093 2629 1144 2713 ju·

107 2750 271 2829 rumenti,
288 2752 324 2810 et
335 2762 408 2809 non
427 2741 705 2817 contradicendi.
723 2741 937 2811 Conclusam
949 2742 1018 2815 fuit
1040 2746 1077 2813 in
1090 2768 1144 2815 ca·

100 2875 190 2955 ,dem
221 2864 515 2969 congregatione,
535 2862 659 2930 multis
690 2863 848 2931 consiliis
870 2868 1020 2935 maturis
1048 2890 1145 2962 prae·

101 2991 242 3091 ¹habitis
267 2987 459 3058 secundum
489 2987 660 3072 majorem
681 2995 838 3078 partem,
865 2986 962 3075 quod
987 2988 1026 3057 in
1046 3000 1146 3059 antea

106 3115 263 3208 quilibet
279 3109 544 3201 magistrorum,
564 3109 624 3198 qui
651 3106 804 3179 volucrit
825 3108 975 3178 infesto
999 3112 1147 3205 s.Aegi·

105 3239 159 3309 dii
189 3235 320 3303 librum
346 3229 567 3299 ordinarium
601 3232 759 3322 eligere,
787 3231 896 3300 debet
924 3230 1062 3302 decano
1083 3256 1148 3329 pro

99 3376 192 3445 ,tunc
220 3355 439 3449 promittere,
481 3355 574 3441 quod
601 3353 695 3421 velit
718 3354 785 3422 illo
805 3377 919 3439 anno,
957 3357 990 3435 si
1011 3354 1149 3451 Pragae

100 3482 223 3571 ¹fuerit,
244 3476 330 3543 dolo
345 3487 380 3542 et
401 3475 525 3544 fraude
549 3475 770 3568 postpositis,
791 3475 1057 3568 subterfugium
1079 3502 1148 3551 uon

105 3601 329 3695 quaerendo,
354 3600 458 3683 dum,
488 3607 525 3665 et
548 3593 686 3686 quando
715 3599 833 3690 ipsum
859 3597 949 3667 ordo
973 3602 1149 3695 tetigerit,

107 3724 284 3793 ordinarie
307 3721 503 3813 disputare,
523 3728 559 3786 et
588 3722 628 3786 in
648 3712 893 3810 disputatione
920 3716 967 3787 de
990 3724 1151 3809 quolibet

109 3849 147 3913 in
175 3843 310 3913 artibus
327 3841 570 3943 respondere5
599 3840 736 3928 quodsi
757 3839 825 3907 illo
834 3861 931 3907 anno
945 3838 1152 3929 deliquerit,

109 3970 184 4034 rive
223 3962 394 4045 omiserit,
420 3968 501 4029 ante
533 3962 653 4030 omnia
685 3960 804 4032 futuro
833 3982 933 4031 nunu·
969 3962 1148 4033 electione

112 4097 150 4158 ct
173 4094 265 4157 sorte
285 4085 456 4154 ordinarii
485 4085 534 4152 sit
550 4085 722 4179 privatus,
