2700 4732
99 314 208 385 llubr.
229 313 288 385 tv.
905 343 907 348 ·
1063 317 1107 382 65

62 512 152 594 bitu,
177 507 281 577 salva
302 498 606 575 consuetudine&
635 498 873 573 moderamine
897 505 942 573 ad
970 527 1104 597 oppor-

59 632 248 705 tunitatem
281 627 474 697 facrdtatie·
502 623 537 717 *)

564 767 604 839 4.

325 913 529 993 Moderatio
552 917 688 992 statuti
711 921 863 1023 antiqui.

10 728 15 775 l

150 1066 199 1139 ln
227 1066 454 1165 promotione
489 1072 605 1131 autem
641 1066 801 1159 magistri
823 1068 938 1136 nullm
971 1071 1106 1162 poterit

73 1190 178 1262 dium
211 1187 414 1277 requirere,
449 1184 544 1275 quod
572 1187 694 1255 veniat
723 1212 803 1257 curn
831 1188 986 1280 habitu‘a
1012 1190 1044 1265 ft
1070 1195 1107 1262 in

66 1318 128 1389 boc
152 1314 339 1404 antiquum
366 1320 535 1380 statatum
566 1319 621 1380 est
648 1311 881 1389 moderatum.
946 1318 1004 1386 De
1026 1340 1113 1386 con.

66 1438 259 1509 iulatione
288 1456 392 1516 vero,
423 1429 455 1503 ft
485 1434 592 1503 modo
616 1433 821 1526 disputandi
829 1426 883 1504 'in
914 1436 1110 1529 disputati-

65 1558 189 1631 onibus
214 1554 506 1627 extraordinariis
540 1564 595 1623 est
623 1556 898 1650 praescriptum,
926 1559 1111 1644 uidelicet,

65 1706 131 1775 qno
149 1678 280 1753 ordine
300 1678 457 1748 debeant
475 1677 706 1772 pertractari.
1052 1661 1054 1664 ’

568 1812 604 1891 5.

10 1874 19 2009 i
62 1943 123 2023 De
151 1937 255 2021 modo
276 1916 491 2044 ⁴oisputundi
514 1936 555 2136 ple
582 1933 749 2043 quolibet,
776 1934 872 2018 etde
893 1900 1115 2045 disputaturi

500 2087 517 2137 e
531 2063 673 2143 actione.

159 2207 255 2280 ltem
281 2232 373 2280 anuo
399 2211 511 2284 1379.
545 2212 605 2282 29.
631 2209 690 2278 die
721 2210 849 2278 mensis
875 2206 1045 2281 Octobris
1078 2214 1116 2283 in

55 2335 174 2428 plena
203 2335 482 2424 congregatione
512 2332 763 2424 magistrorum
794 2331 839 2398 de
869 2330 1024 2400 concilio
1045 2338 1116 2399 sta·

55 2465 180 2527 tutum
220 2453 310 2539 fuit,
344 2455 439 2550 quod
475 2455 628 2525 decanus
655 2451 838 2538 facultatis
867 2450 1017 2534 artium,
1053 2447 1116 2542 qui

53 2601 127 2673 pro
166 2587 329 2671 ternpore
372 2576 502 2659 fucrit,
547 2584 709 2645 teneatur
747 2572 866 2642 facere
905 2573 1117 2666 generalem

56 2696 317 2791 magistrorum
350 2697 506 2765 omnium
538 2697 878 2789 congregationem,
916 2695 1117 2802 regentium

56 2814 191 2889 &non
226 2817 451 2907 regentium,
488 2818 534 2887 de
566 2816 738 2885 facultate
766 2818 921 2894 artium,
957 2817 1117 2886 Sabbalo

55 2935 229 3032 proximo
275 2948 357 3005 ante
387 2939 613 3007 nativitatem
651 2939 765 3006 sancti
806 2938 954 3008 ,loannis
989 2937 1116 3030 Bapti-

55 3072 158 3142 stae,
198 3056 230 3129 fu
266 3059 367 3127 illam
402 3059 512 3130 faciat
544 3059 591 3128 ad
626 3060 719 3128 ostia
748 3059 949 3151 publicari,
988 3055 1020 3127 fr
1051 3082 1119 3150 per

58 3180 232 3262 scholas,
257 3180 327 3263 sic,
352 3181 448 3269 quod
473 3182 720 3250 verisimiliter
740 3182 941 3273 quempiam
971 3181 1015 3248 de
1046 3203 1119 3251 ma·

56 3301 189 3397 gistris
210 3299 324 3369 latere
349 3326 419 3371 non
447 3304 577 3393 possit,
605 3316 641 3371 et
675 3305 713 3370 in
745 3304 814 3371 ista
840 3306 1120 3396 congregatione
1208 3346 1211 3353 ·

60 3424 226 3493 decanus
244 3421 454 3496 informabit
477 3450 535 3507 se,
563 3427 641 3515 quis
668 3425 714 3493 sit
746 3425 864 3495 senior
889 3427 1060 3518 magister
1084 3430 1122 3499 in

59 3544 261 3625 emutare,
288 3548 348 3634 qui
376 3547 421 3617 dc
457 3549 621 3637 quolibet
657 3549 694 3614 in
714 3547 847 3615 artibus
863 3549 967 3637 iuxta
999 3546 1121 3636 hujus-

58 3667 162 3740 modi
191 3667 315 3734 statuti
345 3677 525 3753 tenorem,
562 3669 594 3740 dt
626 3680 707 3762 post
736 3672 809 3755 eius
834 3669 1119 3760 publicationem

65 3846 365 3869 ——--

102 3986 272 4067 ³)uotn1·
291 3992 419 4068 adjecta:
437 3994 625 4048 Modernmeu
644 4011 712 4047 vero
731 3999 761 4046 in
782 3992 837 4048 boe
855 3993 1010 4063 dependet,
1028 4001 1062 4049 ut
1078 3991 1124 4047 fa-

143 4089 243 4151 enum
259 4093 291 4147 in
308 4102 438 4163 tempore
459 4094 611 4155 libertatis,
622 4094 701 4165 quod
719 4093 775 4150 elbi
796 4097 890 4153 rtrum
908 4097 941 4146 ln
962 4091 1020 4146 boe
1038 4089 1128 4147 futh«

153 4193 209 4257 rit,
227 4192 373 4249 emron.
