2714 4740
1111 231 1174 327 'tri

233 450 308 525 sue
330 449 559 545 magtPetro
592 440 636 512 ‹le
657 424 1105 537 liobrzyechow'Thomas
1127 453 1174 522 tle

143 575 330 649 atizoen
354 589 387 644 e
408 570 573 640 Nicotaus
596 566 641 635 ne
658 566 772 637 razn
792 563 886 643 dett.
910 560 946 641 tn
965 550 1174 647 ultranea

140 694 202 772 15.
225 698 351 768 mensis
374 690 480 778 Maji.

237 819 341 910 Mag.
361 816 528 887 Nicolaue
548 802 595 880 tle
610 809 805 882 'Reieczicz
830 800 980 894 intrarit
1007 804 1054 889 tie
1079 830 1173 916 0000

118 987 120 991 v
141 926 338 1012 concilium
352 937 536 1006 facultatis
559 943 594 1003 et
607 933 769 1027 promisit
784 934 1023 1032 obedientiam
1036 932 1175 1015 'decano

143 1064 323 1133 facultatis
339 1059 528 1129 secundum
551 1056 700 1126 formam
720 1058 833 1147 statuti
852 1079 958 1153 super
982 1059 1054 1132 hoc
1073 1048 1175 1139 editi.

241 1184 332 1253 Item
366 1181 491 1250 eodem
529 1202 620 1249 anuo
659 1201 726 1272 pro
755 1179 915 1251 examine
951 1182 997 1253 ad
1027 1188 1173 1280 gradum

140 1304 402 1385 baccatariatus,
424 1304 516 1392 quod
534 1301 625 1372 solet
651 1298 735 1367 lieri
756 1300 851 1369 circa
870 1311 1015 1403 quatuor
1033 1296 1174 1404 tempo.

142 1451 183 1496 ra
207 1436 290 1519 post
312 1425 524 1517 pentecostis
557 1400 713 1516 deputati
734 1436 810 1494 stant
833 1421 859 1496 4
883 1423 974 1518 mgri
1001 1428 1045 1498 ad
1071 1428 1174 1503 aleca.

141 1571 223 1617 num
251 1569 317 1636 per
348 1542 551 1615 facultatem
575 1536 727 1614 artiumt
762 1566 856 1636 mag.
886 1544 1174 1625 110100001οΒ0-

138 1665 320 1737 briechow
333 1715 344 1749 ,
371 1688 464 1758 mag.
488 1659 745 1759 Borzywogim
766 1664 810 1734 tle
837 1668 970 1760 Praga,
994 1693 1092 1766 mag.
1109 1674 1173 1763 Ni·

140 1789 260 1856 colans
279 1782 322 1853 ‹le
343 1785 532 1855 Rzieczicz
544 1833 555 1870 ,
577 1806 671 1876 mag.
692 1787 841 1857 Alexius
860 1787 906 1858 de
927 1788 1084 1874 Peren,
1110 1782 1171 1886 qui

131 1892 281 2000 ¹quidem
324 1906 580 1977 examinatores
622 1908 855 1991 admiserunt,
874 1908 967 1981 10100
998 1911 1174 2012 scriptosg
1246 1939 1250 1948 ·

140 2032 315 2102 Joannem
341 2030 383 2096 tle
410 2027 540 2097 zilina.
560 2024 598 2098 (1.
633 2027 829 2097 Martinam
850 2027 895 2096 tie
911 2032 1058 2126 Kalyer.

236 2153 308 2221 Sub
346 2171 437 2240 mag.
477 2147 621 2218 Joanne
661 2147 706 2214 de
735 2146 922 2220 Przibram
950 2146 1016 2233 28.
1046 2163 1175 2231 mensio
1296 2171 1299 2175 ’

141 2273 237 2359 Maji
263 2271 439 2362 Georgius
460 2269 505 2338 ‹le
531 2262 725 2342 Bieladec
745 2267 950 2348 inertibus.

237 2397 305 2466 Die
326 2395 365 2465 6.
387 2368 678 2462 ,1001111101110100Ι
699 2386 744 2458 de
772 2388 923 2460 Hnatioz
942 2392 1073 2489 petivit
1094 2399 1174 2473 lite.

140 2540 216 2587 ram
240 2513 508 2608 recognitionis,
532 2526 566 2584 et
582 2512 662 2584 data
685 2521 737 2582 eet
752 2512 821 2583 eibi
838 2515 937 2600 juxta
960 2527 1139 2597 statutum.
1207 2550 1211 2559 ·

236 2638 322 2708 Item
344 2657 436 2703 anno
462 2634 586 2703 eodem
621 2635 680 2706 elie
716 2632 752 2710 1.
775 2617 869 2706 Jutit
899 2638 1171 2736 adpetitionem

139 2759 376 2832 universitatis
397 2756 547 2824 facultas
566 2756 692 2825 artium
712 2759 882 2859 concessit
901 2759 1018 2828 eidem
1037 2767 1172 2838 univer·

143 2885 240 2952 sitati
259 2883 409 2968 quinque
432 2899 621 2970 sexagenas
642 2862 844 2971 grossorum
857 2902 934 2951 cum
946 2882 1055 2955 tribus
1073 2911 1172 2980 gros.

144 3012 192 3074 sis
222 3025 290 3095 pro
318 3002 474 3070 subsidio
499 3000 661 3084 rectoris,
691 3024 758 3094 pro
788 3001 903 3095 pallio
924 3002 970 3082 3}
983 3027 1173 3100 sexagenas

142 3148 360 3222 grossorum,
391 3145 458 3216 pro
478 3123 613 3193 notario
635 3115 873 3194 univereitatia
904 3120 954 3197 45
975 3150 1113 3220 grossos
1140 3151 1173 3205 et

140 3245 320 3318 residuum
354 3268 421 3336 pro
455 3240 596 3329 judice,
629 3265 714 3334 quas
745 3243 888 3336 quidem
912 3246 958 3334 5}
981 3271 1172 3361 sexagenas

139 3387 337 3462 grossorum
376 3365 450 3432 (lna.
495 3380 611 3436 rector
655 3364 821 3458 promisit
861 3365 941 3434 aine
976 3362 1061 3439 dolo
1103 3378 1173 3448 iol.
1246 3468 1251 3476 Ι

140 3512 225 3556 uere
253 3485 425 3568 facultati,
456 3485 486 3549 si
516 3507 669 3574 unquam
691 3484 737 3554 ad
757 3485 981 3583 pinguiorem
1004 3486 1174 3567 fortunam

142 3632 221 3678 eum
257 3608 477 3699 contingeret
507 3606 707 3699 pervenire,
734 3620 769 3678 ut
798 3607 834 3676 in
853 3602 1001 3699 quadem
1028 3634 1109 3686 nota
1129 3618 1174 3688 de

142 3750 249 3799 manu
281 3750 342 3796 rua
370 3728 460 3798 facta
481 3744 559 3798 aute
594 3731 633 3798 iu
663 3729 728 3799 isto
753 3712 844 3798 folio
873 3730 1066 3803 continetur
1094 3738 1174 3830 ple.

141 3849 246 3938 niua5
272 3851 448 3945 petiverat
475 3851 609 3947 quippe
635 3851 796 3923 dominus
825 3840 944 3923 rector
970 3838 1174 3931 universita-

139 3985 215 4044 tem
241 3995 308 4066 pro
336 3973 490 4042 subsidio
517 3966 625 4066 pallii
642 3974 712 4046 ribi
740 3973 966 4058 exhibendo,
992 3980 1172 4068 prodactis
