2714 4740
147 232 191 300 ss
870 166 873 171 ⁵
977 202 1085 299 sors.
1109 227 1154 299 r.

150 434 220 506 fuit
250 439 287 501 ct
312 409 504 512 statutum,
537 397 633 514 quod
669 414 822 527 antiquis
851 425 992 499 statutis
1022 431 1069 500 de
1108 438 1214 527 pastu

153 553 403 625 exercitiorum
430 555 468 621 in
487 551 640 644 artibus,
671 551 797 638 quibus
828 550 1009 619 studentes
1035 553 1074 621 in
1102 557 1212 628 tertio

153 686 237 745 actu
258 675 421 744 exercitii
444 674 618 741 adtotum
643 680 781 763 pastum
804 671 913 739 medii
936 674 1020 741 anni
1043 674 1215 768 obligan-

155 805 223 879 tur,
239 799 277 866 in
301 820 361 865 suo
382 796 507 886 vigore
531 794 683 862 omnino
699 789 949 882 permansuris,
975 793 1046 886 ipsi
1066 798 1211 871 studen-

156 917 393 1013 tesjpraefati
421 917 465 984 de
492 915 673 982 exercitiis
700 913 736 980 in
760 923 904 990 aestate,
939 939 1027 1004 quae
1057 907 1216 1017 commu·

155 1043 251 1114 niter
281 1041 460 1134 incipiunt
494 1039 590 1108 circa
620 1039 746 1107 festum
774 1063 804 1116 s.
835 1039 1009 1132 Georgii,
1037 1042 1213 1123 mediote-

156 1178 231 1236 tem
264 1167 369 1235 totius
399 1174 519 1257 pastus
546 1163 701 1232 infesto
729 1187 755 1235 s.
779 1164 933 1267 Urbani,
967 1170 1004 1232 et
1035 1165 1212 1257 reliquam

157 1286 391 1357 medietatem
418 1286 456 1352 in
478 1284 641 1377 profesto
668 1286 866 1353 nativitatis
888 1287 1015 1357 beatae
1046 1289 1212 1384 Virginis

157 1384 297 1482 solvere
330 1417 549 1495 teneantur3
592 1408 638 1476 de
668 1410 848 1476 exercitiis
885 1411 1034 1479 veroin
1063 1410 1214 1504 hyeme,

157 1558 245 1626 quae
278 1534 511 1603 communiter
537 1532 716 1629 incipiunt
751 1532 848 1600 circa
877 1532 1011 1603 festum
1041 1561 1070 1605 s.
1099 1538 1213 1621 Galli,

157 1662 313 1753 'primam
345 1655 718 1726 medietatem'totius
755 1665 874 1747 pastus
908 1657 944 1725 in
981 1659 1146 1752 profesto
1176 1686 1207 1745 s,

158 1783 340 1866 Martini,
393 1787 429 1849 ct
487 1782 717 1849 medietatem
766 1783 940 1870 reliquam
986 1787 1024 1855 in
1076 1788 1147 1857 dic.
1179 1816 1213 1867 s.

159 1908 313 2000 Georgii
334 1903 370 1996 *)
401 1908 569 1978 similiter
597 1909 736 1977 solvere
767 1918 976 1991 teneantur,
1006 1913 1068 1980 suh
1096 1902 1213 2005 poens

161 2033 398 2125 suspensionis
422 2034 467 2103 ab
493 2034 657 2101 omnibus
680 2035 814 2101 actibus
836 2034 1063 2103 scholasticis
1094 2036 1214 2131 publi·

161 2159 213 2227 cis
238 2165 275 2248 et
294 2158 456 2251 privatis,
481 2156 673 2243 lectionum
693 2157 748 2224 vel
774 2159 1020 2229 exercitiorum
1038 2183 1109 2252 pro
1130 2146 1214 2250 quo·

161 2282 255 2349 libet
288 2277 563 2373 praemissorum
594 2280 824 2348 terminorum
855 2281 933 2373 ipso
968 2281 1089 2367 facto,
1116 2288 1213 2372 cujus

160 2400 399 2495 suspensionis
420 2401 621 2492 publicatio
641 2425 707 2492 per
732 2412 924 2484 rectorem,-
947 2405 1006 2493 qui
1028 2430 1098 2500 pro
1128 2419 1214 2487 tem.

161 2550 251 2620 porc
282 2524 409 2604 fuerit,
444 2523 507 2589 sub
532 2534 727 2593 rectoratus
752 2527 877 2618 sigillo
903 2528 950 2596 ad
977 2534 1100 2618 januas
1131 2516 1211 2610 fleri

164 2649 274 2718 debet
294 2648 387 2716 infra
413 2658 494 2715 octo
513 2647 601 2730 dies,
625 2661 812 2741 postquam
832 2655 1014 2747 disputans
1033 2644 1092 2727 vel
1115 2684 1211 2732 exer·

164 2771 251 2839 cilia
272 2781 394 2840 tenens
418 2774 566 2842 rectoris
588 2775 747 2844 officium
771 2787 895 2846 contra
913 2777 1117 2864 hujusmodi
1143 2792 1212 2853 stu·

165 2896 309 2963 dentem
330 2896 535 2985 invocabit3
558 2900 652 2984 etsi,
676 2901 769 2990 quod
788 2903 890 2986 absit,
913 2905 1040 2995 aliquis
1068 2905 1114 2973 de
1145 2884 1212 2976 stuss

166 3018 329 3091 dentibus
356 3006 587 3117 praemissam
613 3029 872 3120 suspensionem
898 3038 934 3095 ct
961 3028 1072 3123 ipsius
1090 3030 1214 3123 publi·

166 3147 344 3215 cationem
364 3145 512 3217 minime
537 3150 736 3221 curaverit:
765 3154 909 3220 extunc
936 3161 1055 3220 rector
1092 3163 1213 3223 contra

163 3273 276 3341 talem
295 3273 394 3356 juxta
414 3273 566 3368 formam
592 3280 799 3344 statutorum
823 3274 1060 3342 universitatis
1081 3274 1120 3341 in
1141 3275 1217 3347 sub·

165 3394 294 3463 sidium
313 3395 400 3481 juris
424 3394 599 3487 procedet
622 3395 795 3486 rigorose.
824 3395 863 3464 Si
887 3417 969 3465 vero
991 3405 1092 3465 extra
1112 3421 1215 3491 prac-

165 3518 271 3585 missa
298 3529 462 3609 tempora
481 3517 591 3607 aliqui
615 3519 661 3585 de
681 3517 861 3608 magistris
884 3515 1087 3609 inceperint
1105 3516 1217 3588 habe·

164 3664 204 3711 re
230 3641 415 3723 exercitia,
438 3641 496 3708 vel
522 3639 682 3707 breviori
712 3650 888 3730 tempore,
919 3661 1021 3727 quam
1043 3639 1244 3730 praemis·'

166 3788 242 3833 sum
269 3771 333 3844 cst,
357 3761 654 3843 continuaverint,
685 3759 865 3828 studentes
895 3754 968 3852 ipsi
993 3763 1096 3846 juxta
1128 3769 1217 3831 tem·

165 3906 295 3980 porum
319 3882 601 3974 comparationes
634 3882 681 3949 ad
714 3882 918 3951 consimiles
945 3882 1121 3953 terminos
1155 3884 1217 3957 sub

170 4072 462 4098 μ...-

209 4169 243 4249 *)
264 4181 364 4239 Codex
381 4179 487 4237 babet:
507 4180 650 4258 Gregorii.
