2700 4732
1007 157 1131 312 m

120 393 216 462 Item
246 391 308 464 23.
334 386 464 457 mensis
492 385 652 474 ejusdem
677 387 844 461 Nicotaus
872 396 917 468 de
938 393 1068 468 Grabi.
1105 380 1106 383 ¹

64 518 143 588 hitz
168 517 241 589 det.
264 513 328 580 sub
348 531 446 600 mag.
467 509 576 580 Petro
598 510 746 579 Posern.
988 579 991 583 ,

122 636 215 706 Item
237 626 296 702 dre
316 636 353 704 2
374 630 504 699 mensis
531 627 698 701 Octobris
719 631 901 727 Georgius
917 635 1068 710 deBru

64 759 134 829 ruia
157 755 288 850 petivit
312 775 389 821 cum
408 750 611 821 testimonio
638 752 784 826 duorum
803 751 1070 830 honorabilium

64 901 194 963 rorum,
221 878 299 946 scil.
322 876 470 942 Jornnie
495 873 665 956 Hofmnn,
686 896 786 969 meg.
805 876 843 948 in
861 877 1005 965 artibus,
1032 891 1072 950 et

64 1000 207 1092 ylvestri
230 995 420 1079 Larsotha,
450 997 654 1081 baccalarti,
681 994 926 1071 dimissionem
947 1001 1074 1074 bursa·

64 1149 101 1194 m
122 1121 311 1193 secundum
332 1118 487 1189 formam
503 1119 646 1211 rtotnti.
712 1127 714 1131 ’
856 1159 865 1191 ι
1118 1120 1120 1123 ’

119 1244 227 1315 Idem
247 1252 283 1310 et
306 1233 433 1312 eodem
456 1240 563 1312 modo
581 1242 744 1313 Andreae
765 1245 810 1314 de
825 1238 919 1313 Kam
934 1239 1072 1341 petivit

64 1368 160 1435 [bens
186 1387 255 1458 pro
283 1367 430 1433 testibus
463 1380 558 1456 magr
579 1364 767 1437 Nicolaum
793 1366 999 1460 Arnswrng
1030 1379 1067 1440 et

64 1508 199 1562 tannem
222 1488 268 1555 de
296 1484 484 1558 Culmach.
1072 1564 1074 1569 Ι

122 1607 229 1680 Idem
251 1609 383 1701 petivit
398 1610 513 1682 Hem.
545 1610 591 1680 de
611 1608 752 1683 clobuk
769 1606 905 1684 nahem
925 1628 992 1706 pro
1015 1622 1070 1682 te·
1130 1675 1143 1690 ,

64 1739 132 1805 ibus
155 1758 251 1826 mag.
269 1727 499 1802 Franciscum
531 1731 769 1828 Creysweycz
800 1735 998 1807 et'Petntm
1024 1738 1068 1809 de

64 1861 217 1952 ¹rignum,
238 1853 498 1926 baccrlarinm.'

115 1980 219 2048 Idem
251 1975 384 2069 petivit
412 1974 614 2044 Fridericue
646 1972 692 2047 de
733 1975 911 2049 Dresdan'
934 1974 1071 2057 hebens

64 2108 130 2166 stes
151 2119 250 2187 mag
270 2093 502 2164 vincentium
529 2091 574 2160 de
593 2093 810 2182 czwickaw,
835 2108 873 2168 et
891 2100 1068 2182 dodocnm

65 2248 84 2290 a
115 2245 151 2289 n.

86 2246 222 2407 yIdem
242 2337 373 2431 petivit
401 2338 570 2407 Erasmus
595 2333 780 2406 Miildorff
804 2330 940 2409 habene
960 2313 1069 2412 testes
1187 2306 1195 2330 x

64 2485 119 2557 ag
155 2461 385 2532 vincentium
415 2461 576 2541 condent,
598 2469 634 2525 et
656 2440 803 2526 Petroni
828 2458 874 2526 do
898 2461 1072 2559 Monam,
1168 2509 1176 2522 .

64 2605 168 2654 ιοιιιιιι
193 2580 349 2650 omnium
367 2580 562 2672 petitiones
585 2577 737 2647 facultas
760 2578 956 2652 exaudivit.

115 2705 211 2775 Item
245 2704 283 2774 3.
311 2702 370 2773 die
395 2706 523 2771 menois
544 2701 700 2789 ejusdem
721 2699 901 2788 Gerendus
924 2704 1070 2778 Roener

64 2839 96 2898 rt.
117 2830 181 2896 sub
202 2847 298 2917 mag.
316 2824 507 2895 Laurentio
534 2822 580 2892 de
604 2823 830 2916 Heylrberg.

117 2952 256 3021 Eodem
294 2946 354 3017 die
381 2950 545 3022 Andreae
574 2946 621 3017 de
650 2947 746 3018 Kam
776 2945 852 3018 det.
878 2948 945 3020 rub
971 2958 1070 3044 megi

64 3073 175 3143 icolao
212 3072 256 3137 de
286 3072 498 3162 Arnswang.

117 3193 256 3262 Eadem
279 3191 338 3259 die
358 3190 500 3262 Frider.
519 3187 566 3260 de
588 3191 753 3264 literden
774 3200 812 3262 et
832 3191 996 3265 mmmm
1022 3197 1077 3268 de:
1124 3256 1127 3262 .

64 3313 193 3385 [uldorf
208 3313 298 3386 dett.
319 3314 381 3382 rub
399 3337 495 3407 meg.
507 3315 702 3386 Vincentio
727 3316 773 3384 de
792 3313 1008 3389 anicknw.
1053 3350 1057 3356 ·

119 3435 212 3502 Item
238 3436 274 3510 3.
313 3437 441 3505 mensis
476 3435 643 3509 Octobris
668 3437 855 3531 praedicti
888 3438 1066 3535 Georgius

64 3584 69 3626 ι
90 3556 270 3626 Brunouin
291 3553 365 3631 det.
387 3558 451 3627 rub
471 3579 567 3652 meg.
587 3558 738 3629 Nicotoo
763 3560 880 3631 Stoer.

117 3683 211 3750 Item
234 3682 269 3754 4.
298 3682 357 3751 dio
387 3683 542 3769 ejrodem
561 3686 694 3757 mensio
712 3685 881 3760 Nicotaus
906 3687 1088 3760 Pilerto·

64 3830 71 3875 ι
99 3805 144 3873 de
180 3802 346 3895 Kepnicz
379 3804 506 3903 (supra
531 3801 741 3909 Kempor’cz)
769 3807 847 3887 det.
870 3810 935 3880 rob
963 3829 1066 3899 mog

64 3927 218 3996 incentio
241 3923 440 4017 praedicto.
