2714 4740
255 272 299 350 10
665 238 686 320 ἰ

256 487 295 556 in
322 481 433 578 pleno
460 444 615 557 concillo
641 448 824 543 facultatis
852 461 921 535 fait
946 462 1171 550 conclusum,
1181 446 1312 532 auth*

256 572 544 693 contradicente,
585 590 679 709 quod
707 589 860 682 quilibet
883 589 1055 685 magister
1083 593 1212 661 artium
1239 612 1298 661 re-

168 768 170 779 =
256 731 484 823 praesentans
521 741 559 789 se
589 716 630 784 in
661 712 790 805 habitu
829 730 889 782 seu
917 710 1070 783 tabardo
1107 718 1299 808 spectante
1346 786 1349 797 ,

256 847 303 915 ad
321 848 571 941 magistrum
551 837 739 909 inertibus
760 836 798 904 in
811 832 967 920 concilio
987 856 1048 903 scu
1065 836 1102 903 in
1118 832 1200 904 alus
1211 856 1299 906 con
1315 838 1321 855 '

254 966 528 1063 gregationibus
555 958 734 1031 facultatis
762 958 969 1052 praedictae
998 958 1061 1028 sub
1089 980 1208 1051 poena
1238 978 1299 1031 cca

254 1078 391 1160 tentiae
417 1089 514 1177 uocis
539 1085 706 1154 similiter
738 1092 775 1150 et
804 1081 896 1181 1οοί,Ι
934 1103 1005 1150 non
1028 1082 1195 1169 obstante
1215 1080 1298 1167 illo,

256 1210 350 1304 quod
370 1210 521 1282 decanus
543 1191 752 1314 specialiter
780 1228 852 1295 uon
871 1203 1072 1292 annullaret
1091 1224 1219 1274 vocem
1240 1204 1298 1301 lp·

255 1335 343 1421 sius,
372 1341 409 1401 et
429 1331 543 1401 omnis
570 1327 780 1423 conclusio
769 1349 807 1395 ιιι
830 1324 985 1394 'concilio
1009 1324 1209 1448 ιἰιοιιὶιιιιιι
1237 1348 1301 1417 sau

256 1454 294 1522 in
312 1476 524 1543 quacumque
551 1451 626 1521 alia
647 1449 924 1541 congregatione
945 1433 1125 1535 facultatis
1146 1472 1215 1542 per
1236 1470 1310 1521 roe

257 1596 317 1653 cos
345 1597 405 1667 seu
433 1596 558 1666 vocem
589 1597 660 1644 non
690 1571 953 1640 tabardatorum
981 1590 1042 1641 seu
1068 1592 1141 1640 non
1175 1570 1326 1641 taber-²

257 1680 333 1761 dati
357 1696 526 1765 conclusa
542 1695 677 1764 nullum
695 1692 836 1784 penitus
859 1689 971 1756 habet
992 1712 1052 1759 seu
1068 1687 1206 1758 habere
1229 1711 1296 1801 po·

256 1817 344 1903 terit
374 1816 534 1886 valorem
565 1824 601 1882 et
629 1815 813 1905 vigorem,
841 1813 912 1881 imo
934 1811 978 1879 de
1000 1809 1097 1882 facto
1118 1820 1175 1880 cst
1195 1832 1299 1883 casse

256 1947 293 2019 et
311 1939 434 2026 nulla3
461 1938 570 2011 etiam
592 1958 661 2006 vox
678 1956 736 2006 sua
761 1933 830 2002 erit
846 1933 1004 2002 inualida
1025 1933 1071 2003 ad
1089 1934 1300 2006 interimen-

257 2060 343 2130 dum
359 2061 418 2127 vel
439 2057 753 2128 contradicendum
776 2064 813 2123 et
836 2055 882 2123 ad
903 2054 1119 2147 eligendum,
1146 2074 1218 2126 nec
1231 2076 1300 2149 po·

256 2184 343 2252 terit
366 2181 508 2276 partem
532 2203 684 2273 augere,
715 2200 782 2248 nec
807 2177 983 2247 relevabit
1006 2199 1105 2264 eum,
1132 2176 1162 2249 si
1181 2200 1204 2249 ιι
1222 2200 1330 2269 maa·

255 2307 370 2402 gistro
391 2304 603 2398 consedente
625 2299 812 2370 tabardum
834 2297 1132 2368 accommodabit·
1308 2292 1314 2303 ’

582 2513 652 2600 De
678 2510 965 2618 nostratem,

720 2667 832 2689 m

253 2718 362 2856 Item
384 2785 509 2878 eodem
529 2810 641 2876 anno,
667 2788 726 2878 die
747 2814 815 2880 quo
834 2810 956 2883 supra,
992 2790 1031 2857 in
1047 2788 1160 2880 pleno
1177 2785 1301 2857 conci·
1327 2816 1331 2825 ·

252 2908 305 2976 lio
324 2906 505 2978 facultatis
536 2907 606 2978 fuit
629 2911 848 2993 conclusum,
885 2911 985 2980 nullo
1018 2909 1297 2992 contradicente,
1324 2920 1329 2959 ³

253 3030 346 3120 quod
372 3032 526 3120 quilibet
552 3032 704 3131 dccanqs
728 3035 766 3101 in
790 3035 909 3126 primo
927 3053 1047 3113 mense
1071 3033 1123 3100 sui
1145 3033 1295 3102 decanc-

252 3161 306 3235 tus
339 3151 448 3222 debet
477 3155 595 3224 facere
619 3142 935 3247 congregationem
960 3152 1140 3232 facultatis
1169 3154 1217 3223 ad
1245 3153 1329 3223 vi··

253 3273 426 3362 dandum,
461 3297 507 3343 an
541 3276 651 3364 aliqui
690 3252 872 3346 debitores
905 3274 1087 3348 facultatis
1115 3275 1188 3354 sint
1220 3296 1297 3345 mo·

252 3392 381 3474 nendi,
409 3402 445 3460 et
470 3394 501 3461 si
525 3395 672 3478 facultas
692 3395 909 3477 decreverit,
946 3395 1088 3483 aliquos
1118 3394 1197 3463 fore
1222 3418 1322 3467 ιιιιιι·

217 3570 221 3579 .
253 3511 386 3579 nendos
413 3536 481 3605 pro
499 3516 650 3597 debitis,
677 3535 722 3581 ex
743 3525 825 3582 tunc
847 3515 1000 3583 decanus
1022 3538 1089 3585 una
1111 3538 1192 3586 cum
1214 3518 1296 3586 col-

253 3630 447 3698 lectoribus
468 3634 706 3722 pecuniarum,
734 3634 805 3726 ipsi
823 3658 889 3726 per
910 3656 947 3700 se
968 3634 1027 3701 vel
1049 3657 1116 3726 per
1136 3638 1295 3711 nuntium

253 3747 436 3820 facultatis
454 3753 587 3839 debent
611 3755 754 3843 eosdem
776 3755 956 3823 debitores
975 3776 1130 3836 monere,
1156 3765 1194 3824 ct
1212 3767 1296 3829 aute

166 3899 169 3904 ·
254 3867 367 3940 finem
386 3875 545 3961 ejusdem
566 3877 676 3969 primi
693 3878 823 3948 mensis
843 3878 1003 3960 decanus,
1029 3877 1126 3946 facta
1146 3901 1295 3973 congre·

252 3995 399 4084 &atione
419 3995 622 4084 facultatis,
648 3999 758 4086 debet
785 3998 905 4072 facere
940 3998 1154 4089 relationem
1180 3988 1293 4073 facul.
1324 4026 1329 4035 ·

254 4113 331 4186 tati.
