2700 4732
115 260 179 330 126

110 447 247 519 Beunis
267 447 377 518 etium
395 442 455 513 rel
478 448 560 515 unte
578 438 638 508 vel
666 434 762 511 inira
781 458 927 508 examen
947 454 1070 508 corum
1085 454 1162 505 mu·

109 572 234 665 gistris
256 569 394 642 absolvi
424 572 574 660 potest3
606 561 768 653 religiosi
795 562 905 630 etiam
927 566 1075 654 possunt
1096 554 1161 627 nd-

36 703 38 707 '
111 695 209 765 mitti
229 691 315 762 huic
342 685 531 760 certamini
555 684 625 762 fol.
648 682 708 755 14.
730 681 839 778 (pag.
864 684 943 774 43).
978 680 1083 751 Libri
1104 702 1162 755 uu·

109 824 185 885 tem
218 813 369 907 mudum
396 807 651 880 baccalariatus
677 804 930 874 antecedentes
958 802 1020 873 isti
1052 810 1163 880 suuis

109 938 315 1015 Priscianus
332 929 373 1008 de
388 929 548 1034 syntaxi,
568 923 782 1003 Aristotelis
797 946 899 1003 vetus
917 922 1046 1030 logica,
1060 925 1164 1025 prio·

110 1086 212 1150 rum,
230 1059 491 1161 posteriorum,
513 1045 739 1146 elenchorum,
763 1044 984 1153 physicorum
1006 1064 1163 1154 quatuor

107 1179 193 1264 libre·
200 1184 351 1285 priores,
363 1176 404 1256 de
415 1181 544 1265 uninra,
564 1171 714 1279 sphaera
731 1170 939 1267 nieterialis,
958 1170 1161 1251 arithmeti-

107 1334 163 1399 ca,
177 1301 356 1385 rhetorica
375 1308 442 1376 fol.
458 1308 521 1381 32.
540 1304 761 1399 (pag.108.)
785 1305 883 1373 rubr.
909 1306 989 1379 10⁸.
1010 1301 1162 1373 articulo

110 1433 170 1503 11.
181 1432 295 1501 etiol.
310 1432 371 1503 16.
384 1430 489 1521 (pag.
505 1426 592 1514 48.)
614 1427 692 1504 rub.
711 1428 764 1499 2³.
781 1432 848 1504 art.
862 1428 921 1498 12.
947 1426 1044 1494 Item
1054 1422 1162 1513 quili-

107 1556 184 1636 bet,
193 1551 601 1643 antequamadmittutur
611 1549 657 1618 ad
667 1555 863 1632 testamen,
874 1556 1015 1618 tenetur
1024 1546 1160 1617 cartul·

109 1676 332 1769 descriptum
350 1683 493 1767 tempus
516 1671 772 1744 intitulationis
793 1692 874 1740 sune
898 1670 946 1739 ud
970 1670 1176 1769 matricum

110 1797 362 1879 universitatis,
383 1805 522 1889 tempus
537 1798 624 1864 item
642 1794 817 1886 principii
826 1802 862 1861 et
876 1792 961 1862 linis
971 1793 1156 1875 librorum,

108 1941 196 2009 quos
216 1916 412 2000 audiverat,
437 1916 691 2006 magistrorum
717 1914 837 1996 etiam,
862 1937 884 1982 a
912 1914 1040 2005 quibus
1063 1910 1157 1983 studi·

110 2046 222 2119 uerat,
252 2039 396 2108 uomina
424 2037 723 2107 examinatoribus
747 2037 955 2121 ostendere,
987 2037 1080 2107 item
1102 2058 1154 2107 re·

108 2183 239 2253 sponsa
257 2159 305 2229 ad
325 2158 550 2248 quaestiones
573 2166 610 2225 et
636 2156 864 2250 sophismata.

204 2280 298 2349 Item
314 2288 397 2373 post
409 2281 645 2351 ostensionem
661 2279 814 2368 quilibet
830 2280 1150 2365 examinandorum,

110 2404 170 2474 vel
201 2426 323 2473 omues
346 2404 451 2474 simul
472 2403 622 2473 adibunt
642 2396 816 2471 decanum
842 2403 1003 2494 aliosque
1030 2405 1149 2475 ordine

108 2525 299 2614 magistros
323 2523 544 2617 professores
564 2525 898 2621 interpretationum
921 2525 1151 2616 publicarum,

108 2665 177 2735 pro
195 2643 379 2733 librisque,
397 2666 481 2733 quos
496 2664 541 2711 ex
552 2643 763 2738 supradictis
782 2644 1005 2733 audiverunt,
1018 2666 1151 2715 merct-

109 2763 206 2845 dem,
218 2765 288 2846 vel,
297 2774 333 2835 ut
345 2763 486 2847 dicitur,
497 2775 637 2858 pastum
648 2767 785 2836 statutis
804 2789 1008 2863 expressum
1017 2752 1152 2837 usus

61 2914 64 2925 ’
109 2901 165 2961 ter
179 2886 254 2979 (his
271 2894 403 2969 tamen,
418 2911 439 2955 a
457 2889 584 2977 quibus
596 2889 821 2980 audiverunt)
834 2891 985 2961 solvent.
1011 2874 1185 2980 Qsmdsi'

107 3013 164 3082 cui
177 3012 329 3082 eundem
348 3011 482 3081 librum
498 3013 553 3081 bis
571 3023 631 3086 aut
647 3021 702 3081 ter
720 3013 1003 3106 interpretatum
1014 3013 1162 3087 audisse

107 3134 272 3227 contigit,
294 3134 421 3205 ultimo
442 3143 579 3208 tantum
598 3136 790 3230 interpreti
811 3136 950 3206 solvere
964 3135 1159 3206 tenebitur.

107 3258 179 3327 Pro
198 3259 280 3326 aliis
293 3266 412 3329 autem
428 3258 533 3328 libris
544 3260 694 3351 gradum
710 3261 967 3337 baccalariatue
986 3266 1158 3353 specten-

105 3381 199 3451 tibus
225 3383 394 3465 minime,
423 3382 538 3454 nulus
570 3384 754 3476 obligatur
774 3410 971 3458 numerare.
1020 3382 1155 3458 Auum

104 3503 296 3595 magister,
330 3505 387 3573 cui
411 3527 549 3574 merces
576 3509 671 3594 justa
693 3509 739 3576 ab
770 3511 891 3599 aliquo
917 3507 1157 3604 supercilioso

104 3630 328 3709 retineretur,
348 3629 487 3719 poterit
507 3630 618 3698 talem
644 3631 682 3698 in
703 3634 833 3715 medio,
858 3643 898 3704 ut
921 3639 1033 3724 ajunt,
1051 3638 1155 3703 crus!
1195 3604 1200 3625 ⁴

45 3747 47 3752 ’
103 3747 296 3840 impedire,
317 3769 363 3815 ne
388 3757 519 3817 metam
538 3751 707 3843 attingat,
728 3755 837 3822 etiam
862 3757 1018 3827 aliorum
1037 3730 1153 3845 ms&
1198 3774 1200 3809 ³

105 3874 259 3938 utrorum
288 3869 569 3941 contradictione
589 3896 660 3941 nou
685 3846 877 3964 obstantes
900 3884 940 3944 ut
960 3876 1067 3945 etiam
1081 3870 1149 3939 ΙιΙ·

105 3989 208 4063 betur
229 3989 295 4071 fol.
309 3986 372 4063 25.
387 3990 490 4086 (pag.
509 3990 596 4092 83).
622 3998 716 4070 Item
728 4017 923 4096 atempore
940 3990 1149 4075 ostensionis
