2714 4740
158 249 222 319 350

253 434 348 509 Item
363 433 403 512 7.
426 425 485 500 (lie
501 425 633 495 mensis
651 418 813 511 ejusdem
832 415 1064 497 lisinlrcrdus
1092 416 1218 497 Gens*

157 560 276 635 felder
297 559 374 628 det.
394 555 457 624 sub
476 572 575 642 mag.
596 547 739 617 Joannc
751 544 880 614 Arsen.
1208 555 1211 561 ·

112 741 116 750 .
253 679 347 749 Item
369 676 405 745 8.
428 673 487 741 die
512 667 641 737 mensis
666 664 823 751 eiusdem
849 664 966 741 Henr.
997 667 1042 738 de
1062 670 1217 746 Klobck

158 800 233 876 (lot.
258 799 326 869 sub'
344 818 439 887 mag.
464 793 573 862 Petro
594 789 742 858 Poscrn.

255 921 351 991 Item
375 938 467 988 none
489 911 548 981 die
571 913 701 978 mensis
730 908 889 996 ejusdem
911 908 1020 1002 Hugo
1053 914 1213 1011 ‹10ch

159 1046 215 1119 dis
240 1053 277 1121 et
300 1044 407 1116 Laut.
436 1038 482 1106 cle
502 1033 715 1103 Haldesleuc
741 1034 950 1123 petiverunt
985 1034 1219 1110 dimissiones·

159 1175 347 1243 bursarum
369 1159 560 1230 secundum
580 1153 893 1241 formamstatuti3
924 1157 1209 1252 testes'Hugonir

159 1293 303 1364 fuerunt
320 1307 416 1376 mag.
440 1283 547 1351 Joan.
574 1278 688 1347 Arsen
708 1284 751 1343 et·
765 1275 965 1346 Lndcvicus
988 1277 1034 1347 de
1058 1280 1209 1377 Weydr,

159 1385 271 1484 t'estes
292 1426 377 1478 vero
398 1401 580 1474 Laurentii
598 1399 740 1468 fuerunt
760 1420 853 1490 mag.
868 1398 1056 1494 Heningus
1074 1404 1206 1476 (lollii.-

158 1531 302 1607 densein
323 1540 360 1601 et
379 1528 540 1598 Andreas
564 1520 607 1590 de
628 1519 821 1603 tuterunt,
838 1520 1058 1596 boccalarius
1089 1528 1126 1599 in
1152 1554 1205 1601 ar.

157 1661 265 1742 tibus,
283 1675 431 1746 qnorum
456 1648 652 1744 petitiones
678 1641 834 1713 facultas
859 1645 1060 1727 exaudivit.

245 1891 501 1982 Decurrur‘uc
521 1915 643 2001 mog,
664 1883 852 1973 Iunonis
873 1880 1109 1990 Alcman,
1158 1853 1164 1868 ⁵
1201 1922 1204 1933 ·

158 2084 293 2218 Anno
316 2125 468 2197 Domini
485 2122 601 2194 1400.
628 2121 686 2190 dic
706 2122 743 2194 9.
766 2121 897 2191 mensis
914 2120 1093 2208 Octobris,
1114 2148 1199 2215 quac

158 2260 228 2327 fuit
248 2255 376 2324 festum
396 2250 509 2323 sancti
534 2249 713 2341 Dionysii,
738 2272 806 2340 ego
826 2251 981 2319 Joannes
1002 2226 1198 2351 illnower,

157 2400 258 2479 mag,
289 2377 325 2444 in
351 2375 496 2456 artibus,
522 2369 572 2439 fui
600 2370 733 2439 electus
763 2373 801 2437 in
828 2370 1000 2441 decanum
1023 2364 1194 2462 facultatis

31 2504 32 2508 ’
154 2503 286 2571 artium
306 2495 417 2566 studii
428 2493 631 2586 Pragensis3
657 2493 786 2579 juravi,
808 2516 849 2560 ac
872 2495 1051 2585 promissa
1064 2519 1085 2565 a
1100 2501 1196 2593 nigris

156 2632 242 2688 tunc
265 2616 510 2710 praesentibus
527 2616 650 2707 recepi
677 2615 869 2684 secundum
894 2623 1028 2686 statuta
1047 2618 1192 2708 ejusden
1219 2652 1221 2659 ·

155 2736 340 2808 facultatis
362 2745 432 2807 etc.
1174 2828 1177 2835 .

252 2860 303 2929 Et
335 2861 373 2929 in
404 2857 527 2927 eadent
558 2860 837 2951 congregatione
871 2869 954 2953 post
997 2866 1193 2953 electionem

157 2980 306 3064 decani,
341 2992 380 3049 ut
400 2979 622 3073 praefertur,
648 2984 758 3049 electi
781 2982 924 3050 fuerunt
937 2997 1091 3072 quatuor
1110 2990 1191 3079 nigri

156 3108 201 3174 de
229 3098 380 3194 quatuor
403 3105 604 3172 nationibus
631 3114 714 3172 actu
741 3113 917 3196 regentes,
946 3109 1006 3195 qui
1041 3128 1120 3179 cunr
1138 3110 1190 3177 (le.

77 3220 80 3229 ’
155 3245 246 3293 cano
269 3224 403 3294 habent
432 3227 630 3317 respicere,
661 3231 758 3314 quod
779 3235 911 3294 statuta
934 3226 1117 3299 facultatis
1137 3234 1187 3302 olr-

153 3356 335 3415 serventur
356 3350 546 3418 secundum
572 3345 723 3414 formam
746 3347 867 3415 statuti
891 3368 1000 3438 super
1021 3348 1092 3419 hoc
1115 3374 1187 3420 cou-
1210 3362 1214 3371 '

152 3467 252 3550 fecti,
277 3480 312 3536 ct
340 3478 418 3535 sunt
439 3468 521 3536 istit
554 3491 649 3560 mag.
676 3470 836 3538 loannes
854 3469 900 3536 de
924 3469 1106 3562 Clurnyu,
1127 3474 1185 3543 Hc·

152 3591 279 3682 ningus
305 3585 581 3680 Boltenhagen,
617 3588 803 3660 Conradus
832 3584 951 3676 Za'clr,
987 3591 1186 3662 walthero
1215 3642 1218 3659 .

152 3713 354 3795 Harrasser,
371 3711 464 3803 mgri
484 3712 523 3778 in
546 3713 691 3787 artibus.

246 3833 443 3901 ltenranno
461 3833 588 3900 eodem
606 3833 666 3907 10.
680 3833 741 3903 die
753 3834 881 3902 mensis
893 3830 1068 3904 Octobris
1089 3824 1185 3904 electi

152 3955 295 4028 fuerunt
313 3954 526 4025 collectores
548 3957 774 4049 pecuniarum
797 3956 980 4045 facultatis
996 3978 1104 4054 supro
1123 3956 1190 4024 slis·
