2714 4740
1080 256 1104 326 3

66 469 103 537 n
121 465 186 537 seua
205 442 431 558 apsa-ananus
456 438 657 542 exstitero,
676 482 755 529 ,non
773 429 981 530 assensn
999 429 1104 529 asses-

66 592 194 663 buendis
215 590 410 671 honoribus
433 586 599 659 anteire:
627 607 709 654 sane
734 606 812 655 cunr
835 582 1104 652 commendabi.

10 803 11 808 ἵ
71 713 104 782 lis
122 720 239 782 noster
255 712 400 781 studens
411 710 456 777 N.
478 712 517 776 in
536 711 766 778 universitate
777 706 890 776 studii
912 704 1105 799 Progensi‘s

10 903 14 917 ,
71 833 231 923 praedicti
254 833 374 924 longis
390 832 611 922 temporibus
631 831 872 902 doctrinarum
894 824 1104 916 frequentiis

72 954 232 1025 inertibus
243 955 453 1024 liberalibus
467 953 663 1045 diligenter
678 958 863 1037 institerit,
884 955 1105 1047 publiceque

10 1142 17 1156 ,
74 1075 253 1148 iuscholis
285 1078 538 1170 respondendo
560 1087 596 1145 et
621 1101 755 1149 morum
782 1079 1109 1148 conversationibus
1200 1075 1205 1092 '

10 1249 14 1290 ,
71 1204 211 1288 graviter
233 1225 270 1269 se
288 1207 377 1292 prae
397 1199 477 1267 aliis
500 1198 605 1269 laude
626 1200 774 1292 dignum
800 1198 1017 1281 exhibuerit,
1044 1216 1108 1270 nos

72 1322 215 1390 solentes
235 1322 378 1391 labores
398 1322 507 1414 ipsias
521 1325 691 1413 praemiis
707 1323 840 1391 debitis
852 1347 923 1394 non
938 1322 1111 1405 frustrari,

66 1445 203 1515 eundem
219 1468 286 1538 per
307 1447 463 1536 rigorem
487 1444 603 1512 debiti
628 1447 822 1529 examinis,
860 1470 928 1536 quo
949 1432 1111 1541 reperis.
1213 1422 1216 1427 ¹

64 1567 161 1637 hatur
184 1567 351 1650 idoneus,
378 1567 423 1639 sd
442 1564 592 1660 gradum
616 1568 872 1642 baocalariatus
904 1574 942 1640 in
973 1577 1111 1643 artibus

60 1691 211 1761 munioni
231 1711 372 1760 assensu
390 1690 610 1781 recepimus,
636 1713 739 1779 quem
764 1691 862 1761 idem
882 1692 1112 1764 universitate

56 1822 175 1887 nostre
201 1821 413 1906 praesente,
455 1812 777 1906 praesidentesibi
800 1812 1007 1896 honorabili
1034 1819 1113 1887 viro

56 1939 232 2029 magistro
249 1934 294 2004 N.
317 1944 441 2004 nostro
464 1935 656 2004 inertibus
676 1924 931 2028 commagistro
956 1947 993 2006 et
1016 1940 1115 2010 socio

55 2060 207 2145 dilecto,
233 2082 325 2129 anuo
337 2060 483 2129 Domini
503 2055 568 2126 luc.
590 2053 794 2127 honorilice
813 2069 848 2125 et
872 2058 1119 2144 laudabiliter,

55 2180 238 2248 consuetis
256 2189 400 2250 nostrae
419 2181 665 2247 universitatis
684 2178 934 2266 facultatisque
950 2180 1119 2248 solemni·

56 2302 196 2370 tatibus
227 2301 427 2385 adhibitis,
464 2311 521 2370 est
550 2302 712 2395 adeptus.
765 2304 880 2387 Quare
917 2300 1118 2392 praefatum

56 2426 107 2494 N.
128 2446 223 2494 name
246 2425 496 2511 baccalarirnn,
518 2425 635 2492 filium
660 2434 697 2490 et
720 2428 869 2494 amicum
892 2432 1050 2490 nostrum
1067 2420 1120 2488 di·

57 2547 210 2628 lectum,
230 2548 392 2615 omnibus
414 2557 451 2614 et
471 2547 634 2638 singulis,
663 2547 786 2634 quibus
811 2556 1017 2637 praesentes
1042 2567 1121 2616 nos·

56 2679 140 2738 trae
186 2668 313 2736 literae
365 2668 499 2736 fuerint
541 2667 744 2749 exhibitae,
791 2664 1121 2735 recommendamus

59 2789 248 2873 fideliter,
288 2800 325 2857 et
360 2812 545 2881 rogamus,
585 2801 766 2878 quatenus,
783 2792 900 2880 ipsum
929 2788 1122 2877 dignentur

59 2907 245 2980 favoribus
266 2914 435 3004 prosequi
450 2913 639 3004 gratiosis,
667 2933 730 2980 nos
754 2934 822 3003 per
843 2908 972 2978 hocin
995 2908 1122 2975 simili·

64 3031 130 3103 bue
160 3043 198 3100 et
226 3035 421 3120 majoribus
450 3037 520 3104 suis
544 3033 783 3124 beneplacitis
821 3033 1122 3121 constringentes.

67 3158 202 3227 uatum
222 3152 289 3226 isc.
306 3168 346 3224 ut
364 3159 403 3224 in
422 3157 548 3228 forma.

66 3462 257 3551 meroe
289 3466 684 3552 commmdatoriue
716 3463 888 3557 sacerd,
922 3461 1124 3551 dannan,

461 3713 752 3729 mmo-

80 3936 333 4111 Quinum
361 4003 471 4098 longe
503 4007 647 4095 lateque
680 4026 759 4071 eam
805 3999 948 4071 virtutis
987 4006 1129 4067 constet

78 4143 260 4211 umam,
285 4137 328 4197 ut
345 4126 384 4196 in
397 4150 439 4198 re
460 4129 557 4196 omni
594 4151 631 4196 se
652 4125 767 4220 ipsam
786 4122 963 4208 extollat,
988 4119 1129 4205 sibique
