2700 4732
128 280 187 348 ⁹0.
856 223 859 230 1
968 270 1074 338 lluhr.
1094 268 1134 339 V·

24 494 26 503 ·
131 481 258 540 conatu
279 492 376 561 mag.
394 469 542 539 Joannir
570 467 687 549 Eliae,
711 475 748 534 et
775 465 869 552 quod
889 466 1039 535 cuilibet
1064 466 1179 558 magi·

131 602 207 661 atro
239 613 299 659 seu
327 592 531 661 baccalario
566 590 680 659 solum
709 589 818 656 liceat
847 588 918 658 duo
946 586 1121 659 exercitia
1144 595 1181 657 ct

3 740 17 755 ‘¹
131 738 202 786 nou
220 715 323 805 plura
343 723 483 800 tenere,

602 814 605 822 ’
627 858 692 931 oo.

300 1003 357 1083 De
382 1002 482 1082 modo
508 1001 710 1107 disputandi
733 1007 771 1083 in
796 999 1005 1107 sophistria.

229 1152 325 1224 ltem
348 1178 406 1234 ao.
426 1159 509 1227 Dni.
537 1157 649 1230 1387.
677 1155 738 1225 die
756 1156 828 1231 al.
854 1159 984 1263 mensis
1011 1154 1182 1230 Octobris

4 1308 8 1313 ·
135 1278 173 1347 in
191 1280 303 1371 'plena
323 1281 604 1373 congregatione
629 1279 810 1347 facultatis
841 1289 977 1349 matura
996 1282 1095 1374 priua
1114 1270 1184 1350 x‹le-

136 1398 351 1473 liberatione
393 1403 518 1474 habita
547 1403 583 1470 iu
613 1401 788 1474 decanatu
826 1403 988 1494 magistri
1030 1403 1183 1503 Joanuie

136 1527 243 1595 Eliae
264 1526 332 1595 fuit
351 1526 578 1596 'concorditer
600 1523 801 1592 conclusum
823 1532 1054 1609 etstatutum,
1088 1522 1186 1614 quod

139 1657 196 1716 ter
218 1649 255 1716 iu
277 1671 369 1716 armo
384 1648 561 1731 exercitia
578 1647 615 1714 in
634 1645 829 1738 sophistria
855 1656 1055 1735 teneantur,
1086 1648 1187 1725 vide,-

141 1766 229 1835 licet
253 1768 367 1835 tribus
392 1768 475 1835 anni
511 1767 736 1858 quartalibm,
765 1767 816 1834 sic
849 1769 943 1856 quod
975 1794 1043 1861 per
1079 1793 1188 1847 uuum

143 1892 307 1980 quartale
333 1888 518 1979 quodlibet
546 1887 751 1956 exercitium
779 1890 1190 1984 continuetur‚·primum

144 2012 190 2082 ab
225 2008 423 2105 epiphania
451 2006 595 2078 Domini
628 2030 734 2097 usquc
772 2009 820 2075 aul
854 2010 985 2080 festum
1021 1992 1191 2103 paschae,

144 2130 242 2202 omni
263 2118 323 2201 (lie
354 2154 420 2223 per
447 2155 551 2201 unam
570 2127 710 2210 horam,
733 2128 822 2198 hora
846 2131 932 2220 19.3
963 2134 1192 2227 secunduma

144 2255 241 2324 festo
271 2257 427 2350 paschae
455 2253 623 2344 usquead
647 2252 776 2321 festum
804 2277 831 2326 s.
860 2253 992 2322 «iacobi
1031 2279 1100 2346 pro
1122 2256 1192 2329 2do

135 2358 302 2467 ¹quartali
321 2379 416 2462 anui,
434 2387 469 2445 et
490 2375 584 2445 istud
605 2377 700 2444 omni
727 2375 785 2444 die
811 2374 901 2446 hora
924 2376 985 2467 16.
1008 2381 1191 2449 continue.

147 2508 225 2583 tur3
254 2498 398 2569 tertium
428 2520 449 2564 a
477 2496 569 2563 festo
597 2517 627 2570 s.
651 2496 783 2564 Jacobi
807 2519 910 2585 usque
936 2498 982 2565 ad
1014 2498 1144 2567 festum
1164 2525 1193 2571 ε.

148 2619 252 2688 Galli
271 2620 365 2686 omni
393 2617 451 2685 die
476 2616 565 2684 hora
590 2615 648 2686 17.
670 2605 921 2706 continuetur3‘
939 2643 1006 2711 per
1027 2624 1193 2709 quartum

150 2757 232 2807 vero
258 2739 417 2827 quartale
442 2736 660 2815 anninullus
677 2747 796 2806 teneat
818 2744 988 2810 exercitia
1011 2745 1049 2811 iu
1068 2721 1191 2839 aophiss

153 2860 241 2930 utria
268 2869 421 2954 propter
449 2859 625 2951 temporis
648 2858 745 2942 illius
773 2863 943 2949 quartalis
964 2854 1195 2938 brevitatem.

95 2952 99 2961 Ι
153 2978 346 3065 Adjectum
364 2991 482 3049 autem
510 2978 588 3062 fuit,
614 2979 708 3068 quod
734 2979 919 3073 disputans
942 2983 978 3050 iu
998 2966 1197 3078 sophistrilt

154 3101 200 3170 de
221 3125 369 3197 vespere
400 3112 536 3171 tantum
555 3125 660 3173 unum
683 3105 889 3172 exercitium
917 3104 1133 3189 teneatue]
1162 3110 1198 3176 iu

154 3224 275 3318 logica
288 3236 432 3308 tantum,
446 3224 503 3293 uel
517 3226 555 3292 in
564 3223 797 3317 philosophia
821 3236 967 3312 tautum,
985 3231 1099 3302 tribus
1122 3234 1198 3303 die·

155 3345 229 3430 hm,
251 3346 373 3436 quibus
400 3341 470 3413 sibi
493 3344 669 3436 placuerit
700 3345 926 3437 disputando,
958 3358 995 3415 et
1028 3352 1125 3438 quod
1154 3352 1198 3420 de

157 3466 317 3562 quolibet
329 3465 535 3554 hujusmodi
547 3467 718 3536 exercitio
732 3467 780 3539 12
794 3471 912 3560 grossi
932 3465 1198 3564 persolvantur.

638 3611 704 3684 39.

181 3753 240 3834 De
260 3747 356 3829 boris
380 3755 628 3830 exercitiorum
655 3768 733 3828 tam
767 3754 804 3829 in
834 3771 981 3844 aestate,
1002 3781 1108 3861 quatu
1138 3720 1185 3861 iel²

614 3872 742 3981 byenre.
1153 3895 1155 3898 ’

253 4028 346 4097 ltem
376 4027 412 4095 iu
445 4024 618 4097 decanatu
638 4027 799 4118 magistri
822 4027 964 4096 Nicolai
998 4027 1047 4099 de
1066 4031 1202 4102 Lutho·
