2700 4732
207 340 262 416 ,⁴0
344 331 347 343 ⁴
637 310 640 318 ¹
669 350 673 356 ·
1073 323 1232 401 Bubul.

219 534 291 605 suit
309 527 531 611 conclusum,
555 518 653 614 quod
680 524 806 609 quater
826 515 864 586 in
886 540 999 607 anno,
1032 520 1173 624 seilicet
1191 524 1271 618 pri·

218 636 277 729 ina
305 651 482 725 dominica
506 653 589 739 post
620 651 770 732 quatuor
797 643 978 734 Tempora
1010 642 1162 713 decanus
1174 696 1184 728 ,
1209 647 1270 737 qui

217 806 285 879 pro
303 788 466 865 tempore
493 764 622 848 fuerit,
649 783 791 853 semper
818 758 927 828 debet
958 761 996 830 iu
1018 785 1126 834 uuum
1145 736 1267 838 laium

217 883 438 978 baccalarioa
458 889 614 978 ejusdem
633 882 814 955 facultatis
833 906 1051 968 convocare,
1080 895 1117 954 et
1138 911 1198 959 eos
1222 889 1267 960 de

219 1020 439 1099 excessibus,
473 1012 503 1079 si
532 1008 590 1099 qui
612 1006 763 1087 tuerint,
789 1004 1037 1073 comminando
1071 1011 1267 1104 corrigere,

220 1154 256 1214 et
274 1140 355 1210 aliis
379 1130 595 1205 studentibus
622 1127 716 1217 quod
734 1127 933 1218 praebeant
958 1128 1051 1198 bona
1088 1136 1266 1228 exempla,

220 1286 279 1334 eos
302 1258 473 1337 inducat,
512 1260 548 1319 et
576 1251 700 1342 legere
722 1247 771 1314 eis
791 1256 939 1330 statuta,
965 1252 1112 1336 quaein
1134 1257 1267 1345 gradus

220 1353 458 1473 assumptione
478 1375 593 1443 libere
614 1375 829 1458 juraverunt,
855 1392 899 1437 ue
919 1370 1133 1442 excedentes
1154 1385 1191 1443 et
1210 1401 1265 1447 re·

219 1507 336 1578 belles
357 1503 395 1573 in
417 1520 539 1570 eorum
558 1491 752 1588 proterviis
771 1513 857 1584 erga
877 1491 1046 1564 decanum
1066 1518 1134 1589 per
1163 1497 1265 1591 igno.

150 1648 152 1655 “
219 1628 373 1703 rontium
397 1624 541 1694 valeant
562 1642 600 1688 se
624 1618 731 1690 tueri.

726 1763 766 1838 7.

501 1899 561 1979 De
584 1901 823 2007 resignatione
848 1897 975 2000 officiis

314 2052 408 2122 Item
432 2048 561 2117 eodem
590 2072 646 2116 ao.
670 2047 738 2118 fuit
773 2057 944 2118 statutum
979 2056 1016 2116 et
1045 2047 1260 2130 conclusum,
1291 2047 1304 2053 “

218 2180 315 2271 quod
348 2182 499 2248 decanus
527 2195 596 2241 non
620 2176 739 2263 posset
769 2171 950 2262 resignare
982 2171 1141 2240 officium
1169 2193 1261 2276 suum

218 2312 301 2372 ante
326 2300 486 2369 debitum
505 2304 644 2385 ternpus
664 2306 763 2360 suum
789 2294 864 2360 sine
890 2293 1056 2384 legitima
1078 2316 1178 2363 caiisa
1194 2314 1259 2384 per

111 2410 115 2420 x
217 2425 428 2497 facultatem
453 2416 697 2505 dijudicanda,
717 2417 781 2487 sub
803 2439 921 2509 poena
941 2415 1040 2485 unius
1066 2400 1277 2510 sexagenae

216 2548 338 2621 statim
356 2543 564 2618 solvendae.

719 2665 754 2736 8.

505 2797 567 2904 De
591 2801 690 2878 niodo
710 2804 981 2906 pronuntiandi.

311 2953 405 3023 Item
429 2976 485 3025 ao
506 2954 591 3028 Dni.
614 2955 728 3036 1367
755 2958 820 3028 20
842 2957 902 3049 die
923 2929 1284 3066 Aprilis‘infflrm„

197 3076 519 3204 congregatione
543 3075 726 3145 facultatis
770 3078 933 3181 magistri
982 3072 1263 3180 considerantes,

197 3178 472 3286 (ιιιοΐιιιιιίῑιιθ
494 3177 774 3268 inordinationes
794 3210 831 3268 et
855 3198 1105 3268 deformitates
1126 3195 1260 3266 fierent

216 3341 283 3410 per
304 3320 607 3412 pronuntiatores,
634 3331 669 3388 et
688 3322 793 3392 multi
816 3345 962 3404 erroreS,
985 3341 1029 3388 ex
1050 3317 1175 3409 quibus
1192 3327 1259 3389 sne

217 3441 385 3508 dentibus
413 3442 451 3510 in
470 3443 605 3509 artibus
619 3464 789 3533 magnum
808 3430 1048 3543 dispendium,
1066 3450 1101 3507 et
1124 3438 1194 3508 toti
1208 3429 1259 3503 fa·

216 3557 357 3640 unitati,
389 3560 459 3628 imo
479 3561 545 3628 toti
568 3562 790 3631 universitati
813 3585 924 3653 grave
945 3559 1167 3629 scandalum
1160 3582 1257 3653 pos·

77 3669 184 3726 1³¹⁰·
213 3687 268 3743 set
285 3679 439 3777 exoriri3
467 3702 549 3747 nam
564 3681 857 3787 quivisscholaris
880 3683 1137 3774 pronuntiavit,
1154 3680 1257 3772 quid·

103 3768 188 3887 3¹¹0
212 3799 319 3886 quid
347 3811 383 3867 et
408 3782 686 3891 quandocunque
717 3804 830 3871 voluit
857 3805 1006 3897 propria
1039 3805 1254 3883 temeritate,

123 3903 172 3960 ⁸⁶¹
214 3930 249 3986 et
269 3921 404 4011 scripta
423 3925 624 3991 incorrecta
645 3934 681 3990 et
704 3926 839 4048 ignota,
862 3928 992 3993 multos
1015 3947 1151 3993 errores
1178 3947 1258 3993 con·

104 4003 185 4128 ΕΞ
213 4040 368 4110 tinentia
399 4042 534 4111 dabant
557 4044 603 4112 ad
635 4043 811 4139 pennam,
847 4049 925 4140 ipsa
948 4047 1159 4115 reverendis
1185 4068 1255 4114 ma·

213 4162 335 4257 gistris
355 4161 447 4233 false
466 4166 728 4256 adscribendo,
754 4178 791 4242 ut
811 4178 911 4239 tanto
938 4168 1058 4261 plures
1085 4164 1157 4239 sibi
1176 4164 1257 4237 uili·
