2700 4732
200 520 381 592 Martinus
410 524 617 595 Cunssonis.
631 520 678 597 de
702 531 844 633 Progn·
877 539 918 639 *)
945 512 950 519 ¹

197 623 369 693 Nicolaus
395 619 440 695 de
466 626 725 704 Pawlikow„
860 697 866 706 ,
1017 645 1019 655 “

195 724 414 796 laurentius
441 719 487 794 (le
512 729 737 827 Nymburgs,

196 828 428 898 wenceslaus
455 823 501 896 de
524 829 739 906 Miroweoz.
883 815 889 827 ’

196 931 378 1008 Antonius
400 926 445 1001 de
464 932 587 1017 Luna,
613 934 745 1008 baocal.
763 945 802 1010 iu
818 938 1009 1024 medicina.
1038 1005 1041 1011 .

198 1034 326 1101 Petrus
353 1028 400 1102 de
424 1034 611 1122 Sepekovv.
963 1079 966 1082 >

196 1135 435 1228 Borziuogius
461 1129 578 1204 dictus
605 1141 747 1228 Borzek
773 1139 819 1214 de
845 1148 969 1241 Prsga.

74 1242 175 1321 {420
198 1241 328 1308 Petrus
354 1233 401 1306 de
428 1231 594 1308 Hradeoz
622 1239 796 1336 Reginae.
930 1264 933 1268 ·

165 1369 168 1374 ·
198 1341 378 1410 Martinus
406 1341 598 1411 cunssonu
623 1336 669 1412 de
696 1347 819 1442 Praga.
846 1405 849 1410 .
914 1413 915 1416 ,

197 1442 328 1512 Petrus
356 1434 401 1507 de
425 1440 621 1532 Sepekosv.

198 1540 327 1612 Gallus
353 1536 400 1620 (13
428 1545 551 1634 Vtery.

196 1645 421 1735 Augustinus
446 1637 494 1714 (13
521 1643 718 1719 Galstouia·
762 1649 858 1745 (sic).

196 1744 325 1814 Petrus
351 1741 398 1814 de
424 1739 689 1820 Mlsdenouiez.
810 1832 812 1837 Ι

74 1849 177 1930 1430
196 1847 324 1917 Buzko
350 1844 396 1917 de
420 1841 559 1936 Kdyna.
676 1857 683 1868 “
775 1836 777 1841 “
830 1849 833 1852 ’

197 1952 326 2019 Petrus
352 1947 398 2032 de
424 1947 616 2040 Sepekowe

196 2053 351 2123 «Ioannes
372 2044 423 2127 ,(13
447 2053 607 2122 Borotin

196 2153 326 2225 Buzko
352 2147 399 2220 de
424 2146 564 2243 Kdynu.

198 2255 431 2326 Weneeslaus
459 2249 505 2322 (13
530 2252 747 2325 Praehaticz.

196 2360 421 2449 Augustinus
448 2350 493 2424 de
520 2354 687 2425 Klatouia
738 2351 838 2444 (sic).

197 2462 353 2531 Jounnes
380 2451 425 2526 de
451 2455 646 2528 Przibrum.

198 2562 324 2632 Petrus
350 2555 396 2628 de
421 2552 588 2630 Htadeez
615 2559 786 2653 Reginae.

198 2665 394 2753 Procopius
420 2657 466 2731 de
491 2659 611 2730 Plzna.

83 2760 182 2842 1440
198 2763 328 2835 Buzko
353 2758 399 2831 de
424 2756 562 2850 Kdyna.

199 2869 327 2936 Petrus
355 2859 401 2932 de
427 2857 706 2933 Mladenowicz.

199 2969 394 3038 Mauritius
420 2959 466 3032 (13
492 2966 701 3033 Benessouu

199 3070 357 3139 «ioannes
383 3061 429 3135 de
457 3064 646 3135 Gemnicz.
704 3090 707 3096 ·

199 3172 380 3240 Martinus
407 3162 452 3236 de
477 3152 678 3242 La'nozicia.

200 3270 379 3340 Hemiuus
406 3262 551 3341 Dornde
578 3262 622 3335 de
649 3265 860 3340 Mulhusen.

200 3375 356 3446 ,1333333
382 3364 428 3439 (13
454 3369 648 3448 Czaslsuiu.

200 3474 392 3545 Stanislsus
419 3466 466 3541 de
493 3472 650 3540 Gnezna.

202 3581 333 3648 Petrus
357 3568 405 3643 de
432 3572 722 3665 Dwekagowioz.
759 3576 762 3580 ’

91 3661 184 3741 1450
203 3673 368 3750 Andreas
394 3668 440 3744 (13
464 3670 736 3767 Budiegowicz.

205 3779 384 3874 Georgius
411 3770 456 3844 de
483 3778 746 3865 Mezyrzieoz..

205 3883 384 3952 Martinus
411 3872 455 3946 de
481 3877 702 3970 Horzepnik.

206 3983 447 4072 ffletonymus
473 3973 517 4046 (13
543 3982 671 4073 Prugu.

241 4182 276 4258 *)
314 4191 364 4245 513
383 4183 430 4239 dis
448 4193 515 4254 post
533 4178 705 4237 electionem
722 4177 817 4234 officio
837 4195 867 4234 se
887 4178 1048 4240 abdicavit.
1146 4231 1149 4236 ,

764 4320 768 4330 -
812 4280 837 4348 s
