2714 4740
145 268 148 273 ·
258 230 303 320 ³⁰

337 422 400 497 16.
451 422 555 513 Quod
593 419 889 518 libri'legantur
914 420 1102 496 secundum
1134 427 1316 513 tempora.

112 589 118 602 ·
257 545 522 624 determinata'
512 575 549 621 m
568 553 726 628 statutis.

335 670 393 743 14.
449 674 552 762 Quod
584 676 659 746 dies
680 673 894 769 inceptionis
921 683 959 742 et
989 671 1169 805 linitionis
1188 670 1311 741 libro-

256 816 334 863 rum
363 795 517 866 debeant
537 797 670 898 decano
690 797 863 877 intimari.

255 952 264 974 a
335 911 396 987 15.
449 919 551 1004 Quod
570 893 701 1011 puncta
720 943 790 988 non
812 916 1097 1013 pronuntiantur.
1194 924 1196 929 ’

335 1037 396 1110 16.
448 1040 551 1127 Quod
573 1041 658 1111 libri
680 1040 843 1130 requisiti
868 1061 939 1134 pro
964 1035 1149 1109 ordinario
1173 1033 1307 1106 diebu

232 1135 233 1138 Ἴ
254 1152 394 1226 festivis
407 1183 485 1228 non
505 1163 681 1254 legantur.

334 1280 393 1355 17.
446 1284 549 1370 Quod
563 1279 680 1354 nullas
701 1285 796 1356 liber
814 1283 911 1354 infra
927 1281 1205 1377 disputationem
1214 1278 1307 1350 bac·
1345 1334 1349 1350 .

255 1401 381 1473 colarii
399 1413 457 1472 aut
479 1408 661 1508 magistri
665 1407 774 1476 debet
796 1407 888 1500 legi

330 1523 394 1596 18.
446 1529 501 1598 De
521 1537 684 1622 tempore
703 1531 878 1601 librorum
895 1537 932 1598 et
949 1525 1305 1623 pastusquantitate.

230 1692 232 1703 ·
316 1657 403 1744 19.
442 1658 546 1746 Quod
566 1667 688 1750 pastus
714 1665 837 1753 potest
856 1655 986 1748 colligi
1016 1652 1159 1723 divisim
1179 1652 1229 1721 de
1255 1649 1306 1720 lia

228 1769 231 1775 ¹
254 1782 329 1853 bris
354 1781 582 1873 partialibus.

330 1904 394 1977 20.
448 1903 502 1972 De
544 1923 662 1994 poena
703 1903 818 1974 minus
851 1897 1062 1994 recipientis
1096 1895 1143 1965 de
1179 1903 1301 1992 pastu,

253 2044 360 2112 quam
383 2024 583 2092 continetur
604 2023 641 2092 in
661 2024 815 2093 statutis.

332 2143 393 2215 21.
445 2144 499 2213 De
517 2146 712 2236 magistris,
740 2146 899 2233 quicum
921 2142 1056 2213 decano
1086 2139 1225 2209 habent
1244 2139 1304 2213 ias

115 2314 119 2326 .
252 2261 405 2355 dulgere
434 2262 607 2334 lectiones
629 2264 667 2334 in
692 2267 836 2360 privato
863 2273 900 2334 et
931 2263 1056 2333 literas
1078 2259 1300 2355 sigillandas

251 2385 451 2476 corrigere·

206 2485 215 2503 ⁸
328 2508 387 2576 22.
440 2508 495 2577 De
515 2510 623 2579 modo
639 2509 790 2601 petendi
808 2533 877 2603 pro
899 2508 1101 2598 hujusmodi
1123 2507 1259 2581 literis.

328 2630 391 2702 23.
443 2630 498 2699 De
541 2631 665 2701 formis
706 2631 905 2720 hujusmodi
939 2634 1123 2707 literarum
1159 2641 1198 2704 et
1231 2635 1298 2709 ubi

251 2747 408 2838 scriptae
435 2758 525 2825 sunt.

258 2906 262 2916 ·
328 2869 392 2941 24.
444 2873 500 2943 De
518 2873 741 2950 vacationum
761 2874 885 2958 diebus
908 2873 946 2945 in
964 2875 1090 2946 diebus
1113 2877 1295 2952 canicula-

253 2991 362 3062 ribus.

330 3111 390 3188 26.
444 3118 548 3208 Quod
573 3120 610 3189 in
637 3120 762 3193 diebus
787 3123 1010 3195 vacationum
1035 3127 1118 3207 novi
1146 3129 1236 3200 libri
1258 3137 1297 3199 et

252 3255 344 3303 nova
365 3239 534 3307 exercitia
557 3263 626 3309 non
647 3240 780 3311 debent
803 3243 928 3335 incipi.

327 3357 390 3428 26.
441 3360 545 3445 Quod
562 3372 708 3451 possunt
726 3365 805 3455 capi
822 3365 977 3456 pignora
998 3364 1295 3442 obaudientibus.

292 3525 297 3531 ⁴
328 3479 392 3548 27.
443 3480 527 3566 Quis
549 3482 677 3553 dicitur
699 3496 782 3556 actu
799 3509 944 3577 regens.
1067 3526 1071 3532 -

327 3600 387 3671 28.
442 3605 498 3672 De
534 3604 640 3674 modo
670 3609 926 3699 pronuntiandi
959 3618 1159 3681 accrutatas.
1189 3634 1297 3707 quaa·

253 3721 396 3814 stiones.
1092 3745 1095 3750 ·

278 3903 284 3933 2
329 3846 389 3928 29.
443 3849 498 3918 De
519 3856 681 3942 tempore
702 3851 857 3920 maximo
887 3860 924 3920 et
946 3854 1094 3930 minimo
1121 3857 1298 3948 requisito

245 3965 298 4036 ‘ad
324 3967 524 4060 legendum.
