2700 4732
105 208 169 275 tto

199 404 293 473 item
334 398 498 470 similiter
529 398 653 465 rodem
684 404 847 487 tempora
876 398 985 468 eiecti
1005 398 1130 471 iuuari

115 528 290 597 tibrorum
309 528 346 593 it
369 530 577 593 tractatuum
590 520 849 611 dispensatores
860 533 1010 611 quotuor
1029 526 1133 617 mgrir

107 650 255 723 Pierius
285 646 330 717 do
351 644 504 728 Peirasi,
531 644 636 713 Joan.
667 642 715 711 dc
733 636 900 763 werona,
920 642 1134 717 Joarrnerdo

110 770 228 855 Birria,
255 752 380 839 Burlco
400 768 445 836 de
470 764 613 857 Kdyna
1022 770 1026 775 “

116 932 119 943 -
204 892 297 961 ltem
318 913 410 961 anno
421 888 584 973 Domini
601 892 640 957 ut
659 908 775 979 supra,
793 884 903 955 electi
918 896 1003 959 sont
1016 889 1133 961 exarti-

112 1024 258 1085 n'atorrs
280 1010 630 1083 baccalariandorum
646 1006 831 1075 undecima
852 1008 913 1077 die
934 1010 1135 1083 montisfla-

108 1114 257 1205 cembris
285 1142 430 1224 quatuor
446 1129 562 1221 mgrir
588 1126 756 1199 Nicotaus
782 1126 835 1195 de
853 1126 1055 1223 Stoyoryn
1071 1154 1133 1225 pro

107 1240 192 1325 tunc
212 1254 436 1349 praepositus
469 1248 616 1341 collegii
637 1246 772 1327 Caroli,
801 1244 927 1317 Simon
948 1248 996 1319 cle
1016 1250 1133 1343 nary-

108 1398 214 1445 rnana
234 1377 372 1461 ,·Joan.
400 1375 447 1443 de
472 1371 642 1461 Borotyn,
666 1369 796 1439 Petrus
817 1368 965 1475 Papus,
985 1372 1129 1463 quirun

112 1502 247 1571 decano
279 1498 548 1592 infrascriptos
573 1492 644 1561 hoo
669 1490 794 1559 ordine
817 1490 1054 1571 admiserunt:
1081 1498 1135 1569 Sc-

111 1644 209 1693 zema
231 1620 276 1688 ‹ie
300 1620 447 1711 Skryg,
480 1614 675 1710 Procopius
708 1613 753 1684 ‹te
779 1612 944 1717 Genea,
968 1616 1133 1697 Nicolaru

109 1744 155 1813 rie
176 1742 409 1823 Mothessicz.
434 1740 494 1811 cltl.

106 1952 214 2077 Item
234 2024 324 2068 anno
347 2001 491 2070 Domini
520 2000 629 2074 1418.
654 2022 801 2071 examen
824 2000 1137 2093 magistrandorum

103 2120 247 2190 solitum
277 2118 360 2186 fieri
381 2130 465 2213 post
501 2120 732 2214 epiphaniam
761 2120 903 2192 Domini
930 2146 995 2216 per
1026 2128 1136 2207 domi·

105 2222 188 2309 num
229 2240 483 2309 cancellarium
531 2241 774 2311 uniuersitatis
815 2240 884 2313 'tuit
906 2246 1136 2343 impeditum

105 2362 263 2451 quamvis
293 2386 362 2455 pro
398 2362 508 2454 ipsius
538 2365 727 2457 apertione
753 2364 914 2469 magistri
948 2366 1137 2460 diiigenter

105 2483 327 2553 institissent.

199 2604 316 2685 Anno,
337 2611 522 2698 utsupra,
542 2607 741 2701 penultima
759 2608 819 2679 dic
839 2612 968 2683 montis
991 2612 1132 2727 Ducem·

104 2723 180 2790 bris
208 2744 304 2816 mag.
332 2727 492 2798 ¹«ioannes
524 2729 571 2798 rie
589 2731 791 2823 Praybram
819 2744 986 2829 receptus
1012 2746 1063 2803 ost
1087 2730 1132 2803 rt

105 2844 296 2915 concilium
317 2848 510 2923 facultatis.

198 2970 292 3036 lt'em
319 2971 377 3039 18.
411 2972 471 3042 dio
499 2975 628 3044 mensis
655 2976 815 3049 Januarii
842 3002 938 3075 mag.
971 2976 1129 3073 ffioohu

107 3092 149 3157 de
176 3090 311 3160 Dessna
328 3109 493 3165 assumtus
517 3104 571 3163 est
592 3096 638 3164 ad
658 3096 875 3171 facultatem.
910 3126 915 3133 ·
994 3114 998 3121 '

201 3210 292 3279 Item
314 3216 460 3283 Sezema
480 3216 525 3285 de
545 3216 670 3312 Skryg
692 3220 753 3291 20.
771 3219 831 3289 die
856 3224 988 3293 mansis
1009 3224 1128 3295 riantu-

103 3326 150 3397 rii
169 3327 241 3398 ciet.
268 3334 332 3401 sub
350 3357 445 3427 mag.
464 3335 653 3408 Christano
674 3337 718 3407 dc
742 3340 984 3433 Prsehatyez.

120 3496 126 3507 -
198 3450 268 3521 Die
291 3449 351 3525 25.
375 3459 503 3527 mensis
528 3460 688 3530 Januarii
717 3462 913 3557 Procopius
934 3464 1128 3539 detineo

106 3568 178 3637 det.
202 3572 265 3643 sub
289 3594 387 3665 mag.
409 3578 550 3647 Joanne
571 3580 617 3647 de
644 3583 840 3653 Przibram.
889 3586 985 3617 '''·''

197 3695 247 3761 Et
276 3693 372 3763 idern
390 3697 585 3793 Procopius
613 3703 761 3775 sabbato
793 3719 874 3777 anto
905 3704 1042 3779 festum
1067 3710 1129 3781 us

103 3810 251 3885 rotheae
274 3807 307 3883 6.
338 3814 398 3885 die
414 3822 543 3889 mensis
567 3820 755 3893 Februarii
779 3826 931 3897 obtinuit
957 3830 1128 3931 dispen-

106 3934 250 4009 tionem
264 3939 435 4029 portandi
464 3942 646 4013 tabsrdunr
683 3966 761 4015 eum
780 3947 894 4021 serico
915 3970 937 4017 ι
959 3948 1128 4024 facultate
