<?xml version="1.0" encoding="UTF-8"?>
<!DOCTYPE html PUBLIC "-//W3C//DTD XHTML 1.0 Transitional//EN"
    "http://www.w3.org/TR/xhtml1/DTD/xhtml1-transitional.dtd">
<html xmlns="http://www.w3.org/1999/xhtml" xml:lang="en" lang="en">
 <head>
  <title>
</title>
<meta http-equiv="Content-Type" content="text/html;charset=utf-8" />
  <meta name='ocr-system' content='tesseract 3.04.00' />
  <meta name='ocr-capabilities' content='ocr_page ocr_carea ocr_par ocr_line ocrx_word'/>
</head>
<body>
  <div class='ocr_page' id='page_1' title='image "./liberdecanorumf00unkngoog/liberdecanorumf00unkngoog_0134.png"; bbox 0 0 2714 4740; ppageno 0'>
   <div class='ocr_carea' id='block_1_1' title="bbox 156 297 1201 425">
    <p class='ocr_par' dir='ltr' id='par_1_1' title="bbox 156 297 1201 425">
     <span class='ocr_line' id='line_1_1' title="bbox 156 297 1201 425; baseline 0.003 -25"><span class='ocrx_word' id='word_1_1' title='bbox 156 297 158 301; x_wconf 23' lang='grc' dir='ltr'>Ι</span> <span class='ocrx_word' id='word_1_2' title='bbox 185 318 295 400; x_wconf 82' lang='lat' dir='ltr'><strong>llubr.</strong></span> <span class='ocrx_word' id='word_1_3' title='bbox 318 334 358 403; x_wconf 83' lang='lat' dir='ltr'><strong>V.</strong></span> <span class='ocrx_word' id='word_1_4' title='bbox 1162 358 1201 425; x_wconf 69' lang='lat'><strong>71</strong></span> 
     </span>
    </p>
   </div>
   <div class='ocr_carea' id='block_1_2' title="bbox 138 525 1200 753">
    <p class='ocr_par' dir='ltr' id='par_1_2' title="bbox 138 525 1200 753">
     <span class='ocr_line' id='line_1_2' title="bbox 138 525 1200 653; baseline 0.02 -54"><span class='ocrx_word' id='word_1_5' title='bbox 138 533 374 623; x_wconf 82' lang='lat' dir='ltr'><strong>magistrum,</strong></span> <span class='ocrx_word' id='word_1_6' title='bbox 403 535 463 621; x_wconf 88' lang='lat' dir='ltr'><strong>qui</strong></span> <span class='ocrx_word' id='word_1_7' title='bbox 488 533 641 603; x_wconf 88' lang='lat' dir='ltr'><strong>eundem</strong></span> <span class='ocrx_word' id='word_1_8' title='bbox 658 539 802 610; x_wconf 70' lang='lat' dir='ltr'><strong>&#39;librum</strong></span> <span class='ocrx_word' id='word_1_9' title='bbox 850 568 916 653; x_wconf 80' lang='lat' dir='ltr'><strong>per</strong></span> <span class='ocrx_word' id='word_1_10' title='bbox 941 525 1071 618; x_wconf 89' lang='lat' dir='ltr'><strong>sortem</strong></span> <span class='ocrx_word' id='word_1_11' title='bbox 1091 553 1127 618; x_wconf 88' lang='lat' dir='ltr'><strong>iu</strong></span> <span class='ocrx_word' id='word_1_12' title='bbox 1150 540 1200 619; x_wconf 66' lang='lat' dir='ltr'><strong>lass</strong></span> 
     </span>
     <span class='ocr_line' id='line_1_3' title="bbox 140 654 880 753; baseline 0.014 -31"><span class='ocrx_word' id='word_1_13' title='bbox 140 654 281 723; x_wconf 88' lang='lat' dir='ltr'><strong>cultate</strong></span> <span class='ocrx_word' id='word_1_14' title='bbox 306 654 499 753; x_wconf 78' lang='lat' dir='ltr'><strong>obtineret,</strong></span> <span class='ocrx_word' id='word_1_15' title='bbox 527 657 677 729; x_wconf 78' lang='lat' dir='ltr'>deberet</span> <span class='ocrx_word' id='word_1_16' title='bbox 702 661 880 733; x_wconf 88' lang='lat' dir='ltr'><strong>inchoari.</strong></span> 
     </span>
    </p>
   </div>
   <div class='ocr_carea' id='block_1_3' title="bbox 224 847 1104 1084">
    <p class='ocr_par' dir='ltr' id='par_1_3' title="bbox 224 847 1104 1084">
     <span class='ocr_line' id='line_1_4' title="bbox 650 847 690 925; baseline 0 0"><span class='ocrx_word' id='word_1_17' title='bbox 650 847 690 925; x_wconf 80' lang='grc'><strong>7.</strong></span> 
     </span>
     <span class='ocr_line' id='line_1_5' title="bbox 224 985 1104 1084; baseline 0.015 -18"><span class='ocrx_word' id='word_1_18' title='bbox 224 985 291 1084; x_wconf 65' lang='lat' dir='ltr'><strong>⁴De</strong></span> <span class='ocrx_word' id='word_1_19' title='bbox 314 986 414 1066; x_wconf 69' lang='lat' dir='ltr'><strong>niodo</strong></span> <span class='ocrx_word' id='word_1_20' title='bbox 440 990 671 1072; x_wconf 81' lang='lat' dir='ltr'><strong>concurrendi</strong></span> <span class='ocrx_word' id='word_1_21' title='bbox 696 997 734 1073; x_wconf 83' lang='lat' dir='ltr'><strong>in</strong></span> <span class='ocrx_word' id='word_1_22' title='bbox 758 989 867 1074; x_wconf 85' lang='lat' dir='ltr'><strong>libros</strong></span> <span class='ocrx_word' id='word_1_23' title='bbox 892 993 1104 1078; x_wconf 85' lang='lat' dir='ltr'><strong>ordinarios.</strong></span> 
     </span>
    </p>
   </div>
   <div class='ocr_carea' id='block_1_4' title="bbox 120 1131 1293 4190">
    <p class='ocr_par' dir='ltr' id='par_1_4' title="bbox 120 1131 1293 4190">
     <span class='ocr_line' id='line_1_6' title="bbox 240 1131 1199 1263; baseline 0.011 -39"><span class='ocrx_word' id='word_1_24' title='bbox 240 1155 335 1226; x_wconf 86' lang='lat' dir='ltr'>Item</span> <span class='ocrx_word' id='word_1_25' title='bbox 351 1181 444 1227; x_wconf 91' lang='lat' dir='ltr'><strong>anno</strong></span> <span class='ocrx_word' id='word_1_26' title='bbox 462 1161 607 1231; x_wconf 86' lang='lat' dir='ltr'><strong>Domini</strong></span> <span class='ocrx_word' id='word_1_27' title='bbox 629 1131 824 1232; x_wconf 75' lang='lat' dir='ltr'><strong>millesimo</strong></span> <span class='ocrx_word' id='word_1_28' title='bbox 847 1166 1099 1235; x_wconf 83' lang='lat' dir='ltr'><strong>trecentesimo</strong></span> <span class='ocrx_word' id='word_1_29' title='bbox 1118 1191 1199 1263; x_wconf 84' lang='lat' dir='ltr'><strong>sep·</strong></span> 
     </span>
     <span class='ocr_line' id='line_1_7' title="bbox 147 1282 1197 1376; baseline 0.011 -26"><span class='ocrx_word' id='word_1_30' title='bbox 147 1282 347 1374; x_wconf 85' lang='lat' dir='ltr'><strong>tuagesimo</strong></span> <span class='ocrx_word' id='word_1_31' title='bbox 376 1283 538 1376; x_wconf 78' lang='lat' dir='ltr'>magistri</span> <span class='ocrx_word' id='word_1_32' title='bbox 575 1285 753 1354; x_wconf 80' lang='lat' dir='ltr'><strong>facultatis</strong></span> <span class='ocrx_word' id='word_1_33' title='bbox 792 1287 919 1356; x_wconf 90' lang='lat' dir='ltr'><strong>artium</strong></span> <span class='ocrx_word' id='word_1_34' title='bbox 953 1290 1197 1362; x_wconf 76' lang='lat' dir='ltr'><strong>conciliariter</strong></span> 
     </span>
     <span class='ocr_line' id='line_1_8' title="bbox 149 1403 1197 1505; baseline 0.014 -35"><span class='ocrx_word' id='word_1_35' title='bbox 149 1403 361 1494; x_wconf 85' lang='lat' dir='ltr'><strong>congregati</strong></span> <span class='ocrx_word' id='word_1_36' title='bbox 383 1406 658 1490; x_wconf 82' lang='lat' dir='ltr'><strong>considerantes,</strong></span> <span class='ocrx_word' id='word_1_37' title='bbox 672 1429 716 1475; x_wconf 89' lang='lat' dir='ltr'><strong>ex</strong></span> <span class='ocrx_word' id='word_1_38' title='bbox 735 1408 894 1500; x_wconf 91' lang='lat' dir='ltr'><strong>pluribus</strong></span> <span class='ocrx_word' id='word_1_39' title='bbox 916 1410 1080 1479; x_wconf 87' lang='lat' dir='ltr'><strong>conciliis</strong></span> <span class='ocrx_word' id='word_1_40' title='bbox 1095 1438 1197 1505; x_wconf 89' lang='lat' dir='ltr'><strong>prae·</strong></span> 
     </span>
     <span class='ocr_line' id='line_1_9' title="bbox 150 1516 1197 1623; baseline 0.013 -29"><span class='ocrx_word' id='word_1_41' title='bbox 150 1525 293 1613; x_wconf 87' lang='lat' dir='ltr'><strong>habitis,</strong></span> <span class='ocrx_word' id='word_1_42' title='bbox 321 1528 422 1614; x_wconf 90' lang='lat' dir='ltr'><strong>quod</strong></span> <span class='ocrx_word' id='word_1_43' title='bbox 438 1533 538 1617; x_wconf 83' lang='lat' dir='ltr'><strong>juxta</strong></span> <span class='ocrx_word' id='word_1_44' title='bbox 557 1533 717 1623; x_wconf 89' lang='lat' dir='ltr'><strong>priorem</strong></span> <span class='ocrx_word' id='word_1_45' title='bbox 740 1516 1006 1601; x_wconf 79' lang='lat' dir='ltr'><strong>ordinationem</strong></span> <span class='ocrx_word' id='word_1_46' title='bbox 1030 1533 1197 1608; x_wconf 86' lang='lat' dir='ltr'><strong>distribu-</strong></span> 
     </span>
     <span class='ocr_line' id='line_1_10' title="bbox 152 1649 1293 1734; baseline 0.01 -17"><span class='ocrx_word' id='word_1_47' title='bbox 152 1653 254 1721; x_wconf 86' lang='lat' dir='ltr'><strong>tionis</strong></span> <span class='ocrx_word' id='word_1_48' title='bbox 283 1653 541 1726; x_wconf 85' lang='lat' dir='ltr'><strong>ordinariorum</strong></span> <span class='ocrx_word' id='word_1_49' title='bbox 568 1654 752 1734; x_wconf 87' lang='lat' dir='ltr'><strong>librorum,</strong></span> <span class='ocrx_word' id='word_1_50' title='bbox 780 1651 813 1724; x_wconf 64' lang='lat'><strong>8⁶</strong></span> <span class='ocrx_word' id='word_1_51' title='bbox 847 1649 1050 1723; x_wconf 87' lang='lat' dir='ltr'><strong>ordinariae</strong></span> <span class='ocrx_word' id='word_1_52' title='bbox 1085 1657 1197 1728; x_wconf 91' lang='lat' dir='ltr'><strong>lectu·</strong></span> <span class='ocrx_word' id='word_1_53' title='bbox 1291 1727 1293 1731; x_wconf 85' lang='grc'>,</span> 
     </span>
     <span class='ocr_line' id='line_1_11' title="bbox 155 1772 1198 1869; baseline 0.003 -24"><span class='ocrx_word' id='word_1_54' title='bbox 155 1799 212 1847; x_wconf 84' lang='lat' dir='ltr'><strong>rac</strong></span> <span class='ocrx_word' id='word_1_55' title='bbox 236 1801 306 1848; x_wconf 94' lang='lat' dir='ltr'><strong>non</strong></span> <span class='ocrx_word' id='word_1_56' title='bbox 339 1772 527 1869; x_wconf 86' lang='lat' dir='ltr'><strong>expediret</strong></span> <span class='ocrx_word' id='word_1_57' title='bbox 561 1775 750 1859; x_wconf 83' lang='lat' dir='ltr'><strong>facultati,</strong></span> <span class='ocrx_word' id='word_1_58' title='bbox 782 1777 876 1866; x_wconf 91' lang='lat' dir='ltr'><strong>quod</strong></span> <span class='ocrx_word' id='word_1_59' title='bbox 899 1776 1054 1865; x_wconf 90' lang='lat' dir='ltr'><strong>quilibet</strong></span> <span class='ocrx_word' id='word_1_60' title='bbox 1086 1778 1198 1848; x_wconf 88' lang='lat' dir='ltr'><strong>libro·</strong></span> 
     </span>
     <span class='ocr_line' id='line_1_12' title="bbox 160 1884 1199 1994; baseline -0.003 -21"><span class='ocrx_word' id='word_1_61' title='bbox 160 1927 229 1973; x_wconf 90' lang='lat' dir='ltr'><strong>rum</strong></span> <span class='ocrx_word' id='word_1_62' title='bbox 250 1899 509 1974; x_wconf 84' lang='lat' dir='ltr'><strong>ordinariorum</strong></span> <span class='ocrx_word' id='word_1_63' title='bbox 541 1884 677 1973; x_wconf 87' lang='lat' dir='ltr'><strong>tantum</strong></span> <span class='ocrx_word' id='word_1_64' title='bbox 697 1921 764 1994; x_wconf 87' lang='lat' dir='ltr'><strong>per</strong></span> <span class='ocrx_word' id='word_1_65' title='bbox 786 1922 890 1968; x_wconf 92' lang='lat' dir='ltr'><strong>unum</strong></span> <span class='ocrx_word' id='word_1_66' title='bbox 917 1894 1128 1994; x_wconf 82' lang='lat' dir='ltr'><strong>magistrum</strong></span> <span class='ocrx_word' id='word_1_67' title='bbox 1148 1904 1199 1970; x_wconf 88' lang='lat' dir='ltr'><strong>le·</strong></span> 
     </span>
     <span class='ocr_line' id='line_1_13' title="bbox 163 2023 1201 2119; baseline 0.001 -27"><span class='ocrx_word' id='word_1_68' title='bbox 163 2036 314 2118; x_wconf 84' lang='lat' dir='ltr'><strong>geretur,</strong></span> <span class='ocrx_word' id='word_1_69' title='bbox 340 2027 404 2095; x_wconf 91' lang='lat' dir='ltr'><strong>sed</strong></span> <span class='ocrx_word' id='word_1_70' title='bbox 436 2023 553 2119; x_wconf 90' lang='lat' dir='ltr'><strong>potius</strong></span> <span class='ocrx_word' id='word_1_71' title='bbox 579 2029 802 2114; x_wconf 85' lang='lat' dir='ltr'><strong>competeret</strong></span> <span class='ocrx_word' id='word_1_72' title='bbox 831 2024 1007 2090; x_wconf 88' lang='lat' dir='ltr'><strong>communi</strong></span> <span class='ocrx_word' id='word_1_73' title='bbox 1039 2023 1201 2114; x_wconf 86' lang='lat' dir='ltr'><strong>utilitati,</strong></span> 
     </span>
     <span class='ocr_line' id='line_1_14' title="bbox 165 2143 1200 2239; baseline 0.004 -26"><span class='ocrx_word' id='word_1_74' title='bbox 165 2155 196 2213; x_wconf 88' lang='lat' dir='ltr'><strong>nt</strong></span> <span class='ocrx_word' id='word_1_75' title='bbox 216 2144 280 2215; x_wconf 84' lang='lat' dir='ltr'><strong>liat</strong></span> <span class='ocrx_word' id='word_1_76' title='bbox 312 2151 498 2239; x_wconf 88' lang='lat' dir='ltr'><strong>moderata</strong></span> <span class='ocrx_word' id='word_1_77' title='bbox 531 2143 780 2213; x_wconf 89' lang='lat' dir='ltr'><strong>concurrentia</strong></span> <span class='ocrx_word' id='word_1_78' title='bbox 811 2145 982 2217; x_wconf 86' lang='lat' dir='ltr'><strong>librorum</strong></span> <span class='ocrx_word' id='word_1_79' title='bbox 1012 2143 1045 2217; x_wconf 74' lang='lat' dir='ltr'><strong>e</strong></span> <span class='ocrx_word' id='word_1_80' title='bbox 1075 2149 1200 2217; x_wconf 89' lang='lat' dir='ltr'><strong>lectio-</strong></span> 
     </span>
     <span class='ocr_line' id='line_1_15' title="bbox 166 2265 1200 2354; baseline -0.003 -16"><span class='ocrx_word' id='word_1_81' title='bbox 166 2269 294 2354; x_wconf 75' lang='lat' dir='ltr'><strong>num&amp;</strong></span> <span class='ocrx_word' id='word_1_82' title='bbox 325 2269 436 2338; x_wconf 92' lang='lat' dir='ltr'><strong>talem</strong></span> <span class='ocrx_word' id='word_1_83' title='bbox 465 2266 628 2338; x_wconf 89' lang='lat' dir='ltr'><strong>ordinem</strong></span> <span class='ocrx_word' id='word_1_84' title='bbox 655 2265 686 2336; x_wconf 78' lang='grc'>81</span> <span class='ocrx_word' id='word_1_85' title='bbox 713 2267 999 2337; x_wconf 89' lang='lat' dir='ltr'><strong>moderationem</strong></span> <span class='ocrx_word' id='word_1_86' title='bbox 1028 2268 1200 2338; x_wconf 87' lang='lat' dir='ltr'><strong>unanimi·</strong></span> 
     </span>
     <span class='ocr_line' id='line_1_16' title="bbox 170 2384 1199 2484; baseline 0 -24"><span class='ocrx_word' id='word_1_87' title='bbox 170 2402 216 2460; x_wconf 86' lang='lat' dir='ltr'><strong>ter</strong></span> <span class='ocrx_word' id='word_1_88' title='bbox 247 2387 461 2477; x_wconf 76' lang='lat' dir='ltr'><strong>statuerunt,</strong></span> <span class='ocrx_word' id='word_1_89' title='bbox 490 2390 682 2472; x_wconf 83' lang='lat' dir='ltr'><strong>videlicet,</strong></span> <span class='ocrx_word' id='word_1_90' title='bbox 717 2389 814 2477; x_wconf 91' lang='lat' dir='ltr'><strong>quod</strong></span> <span class='ocrx_word' id='word_1_91' title='bbox 847 2389 990 2477; x_wconf 86' lang='lat' dir='ltr'><strong>antiqua</strong></span> <span class='ocrx_word' id='word_1_92' title='bbox 1018 2384 1050 2461; x_wconf 59' lang='lat' dir='ltr'><strong>b</strong></span> <span class='ocrx_word' id='word_1_93' title='bbox 1077 2393 1199 2484; x_wconf 91' lang='lat' dir='ltr'><strong>priore</strong></span> 
     </span>
     <span class='ocr_line' id='line_1_17' title="bbox 171 2513 1198 2609; baseline -0.001 -25"><span class='ocrx_word' id='word_1_94' title='bbox 171 2517 378 2586; x_wconf 87' lang='lat' dir='ltr'><strong>ordinatione</strong></span> <span class='ocrx_word' id='word_1_95' title='bbox 414 2540 480 2609; x_wconf 90' lang='lat' dir='ltr'><strong>per</strong></span> <span class='ocrx_word' id='word_1_96' title='bbox 515 2513 634 2582; x_wconf 92' lang='lat' dir='ltr'><strong>omnia</strong></span> <span class='ocrx_word' id='word_1_97' title='bbox 667 2521 806 2582; x_wconf 86' lang='lat' dir='ltr'><strong>servata</strong></span> <span class='ocrx_word' id='word_1_98' title='bbox 822 2563 832 2595; x_wconf 91' lang='lat'><strong>,</strong></span> <span class='ocrx_word' id='word_1_99' title='bbox 858 2521 965 2604; x_wconf 84' lang='lat' dir='ltr'><strong>prout</strong></span> <span class='ocrx_word' id='word_1_100' title='bbox 995 2515 1198 2606; x_wconf 89' lang='lat' dir='ltr'><strong>conscripta</strong></span> 
     </span>
     <span class='ocr_line' id='line_1_18' title="bbox 172 2636 1198 2726; baseline 0.003 -23"><span class='ocrx_word' id='word_1_101' title='bbox 172 2646 223 2719; x_wconf 88' lang='lat' dir='ltr'><strong>est,</strong></span> <span class='ocrx_word' id='word_1_102' title='bbox 244 2638 381 2708; x_wconf 87' lang='lat' dir='ltr'><strong>licitum</strong></span> <span class='ocrx_word' id='word_1_103' title='bbox 402 2637 451 2704; x_wconf 91' lang='lat' dir='ltr'><strong>sit</strong></span> <span class='ocrx_word' id='word_1_104' title='bbox 480 2636 627 2708; x_wconf 76' lang='lat' dir='ltr'><strong>cuilibet</strong></span> <span class='ocrx_word' id='word_1_105' title='bbox 646 2636 899 2726; x_wconf 86' lang='lat' dir='ltr'><strong>magistrorum</strong></span> <span class='ocrx_word' id='word_1_106' title='bbox 922 2658 1003 2704; x_wconf 93' lang='lat' dir='ltr'><strong>cum</strong></span> <span class='ocrx_word' id='word_1_107' title='bbox 1025 2636 1096 2705; x_wconf 91' lang='lat' dir='ltr'><strong>alio</strong></span> <span class='ocrx_word' id='word_1_108' title='bbox 1118 2662 1198 2706; x_wconf 89' lang='lat' dir='ltr'><strong>con·</strong></span> 
     </span>
     <span class='ocr_line' id='line_1_19' title="bbox 173 2756 1199 2855; baseline 0.002 -27"><span class='ocrx_word' id='word_1_109' title='bbox 173 2781 295 2830; x_wconf 73' lang='lat' dir='ltr'><strong>currere</strong></span> <span class='ocrx_word' id='word_1_110' title='bbox 319 2785 386 2855; x_wconf 91' lang='lat' dir='ltr'><strong>per</strong></span> <span class='ocrx_word' id='word_1_111' title='bbox 416 2758 511 2828; x_wconf 91' lang='lat' dir='ltr'><strong>bunc</strong></span> <span class='ocrx_word' id='word_1_112' title='bbox 531 2761 696 2844; x_wconf 89' lang='lat' dir='ltr'><strong>modum,</strong></span> <span class='ocrx_word' id='word_1_113' title='bbox 725 2756 821 2850; x_wconf 88' lang='lat' dir='ltr'><strong>quod</strong></span> <span class='ocrx_word' id='word_1_114' title='bbox 849 2758 1002 2850; x_wconf 87' lang='lat' dir='ltr'><strong>quilibet</strong></span> <span class='ocrx_word' id='word_1_115' title='bbox 1029 2762 1199 2854; x_wconf 84' lang='lat' dir='ltr'><strong>magister</strong></span> 
     </span>
     <span class='ocr_line' id='line_1_20' title="bbox 120 2859 1199 2973; baseline 0.008 -29"><span class='ocrx_word' id='word_1_116' title='bbox 120 2968 122 2973; x_wconf 91' lang='lat'>.</span> <span class='ocrx_word' id='word_1_117' title='bbox 172 2881 276 2949; x_wconf 81' lang='lat' dir='ltr'><strong>uolens</strong></span> <span class='ocrx_word' id='word_1_118' title='bbox 308 2905 382 2951; x_wconf 87' lang='lat' dir='ltr'><strong>esse</strong></span> <span class='ocrx_word' id='word_1_119' title='bbox 412 2859 492 2950; x_wconf 79' lang='lat' dir='ltr'><strong>actu</strong></span> <span class='ocrx_word' id='word_1_120' title='bbox 522 2905 662 2973; x_wconf 83' lang='lat' dir='ltr'><strong>regem,</strong></span> <span class='ocrx_word' id='word_1_121' title='bbox 689 2885 786 2969; x_wconf 86' lang='lat' dir='ltr'><strong>juxta</strong></span> <span class='ocrx_word' id='word_1_122' title='bbox 820 2881 1083 2952; x_wconf 91' lang='lat' dir='ltr'><strong>ordinationem</strong></span> <span class='ocrx_word' id='word_1_123' title='bbox 1108 2885 1199 2954; x_wconf 87' lang='lat' dir='ltr'><strong>anti·</strong></span> 
     </span>
     <span class='ocr_line' id='line_1_21' title="bbox 173 2980 1201 3098; baseline 0.004 -26"><span class='ocrx_word' id='word_1_124' title='bbox 173 3023 268 3089; x_wconf 81' lang='lat' dir='ltr'><strong>quam,</strong></span> <span class='ocrx_word' id='word_1_125' title='bbox 294 3008 409 3098; x_wconf 84' lang='lat' dir='ltr'><strong>eligat</strong></span> <span class='ocrx_word' id='word_1_126' title='bbox 434 3007 503 3075; x_wconf 95' lang='lat' dir='ltr'><strong>sibi</strong></span> <span class='ocrx_word' id='word_1_127' title='bbox 524 3007 698 3078; x_wconf 89' lang='lat' dir='ltr'><strong>lecturam</strong></span> <span class='ocrx_word' id='word_1_128' title='bbox 724 3007 956 3088; x_wconf 90' lang='lat' dir='ltr'><strong>ordinariam,</strong></span> <span class='ocrx_word' id='word_1_129' title='bbox 980 3029 1047 3094; x_wconf 91' lang='lat' dir='ltr'><strong>qua</strong></span> <span class='ocrx_word' id='word_1_130' title='bbox 1067 2980 1201 3092; x_wconf 79' lang='lat' dir='ltr'><strong>electa,</strong></span> 
     </span>
     <span class='ocr_line' id='line_1_22' title="bbox 173 3125 1228 3220; baseline 0 -26"><span class='ocrx_word' id='word_1_131' title='bbox 173 3129 196 3194; x_wconf 90' lang='lat' dir='ltr'><strong>si</strong></span> <span class='ocrx_word' id='word_1_132' title='bbox 211 3132 355 3202; x_wconf 80' lang='lat' dir='ltr'><strong>voluerit</strong></span> <span class='ocrx_word' id='word_1_133' title='bbox 386 3155 466 3200; x_wconf 89' lang='lat' dir='ltr'><strong>cum</strong></span> <span class='ocrx_word' id='word_1_134' title='bbox 498 3132 571 3201; x_wconf 87' lang='lat' dir='ltr'><strong>alio</strong></span> <span class='ocrx_word' id='word_1_135' title='bbox 597 3151 818 3212; x_wconf 87' lang='lat' dir='ltr'><strong>concurrere,</strong></span> <span class='ocrx_word' id='word_1_136' title='bbox 847 3137 947 3220; x_wconf 91' lang='lat' dir='ltr'><strong>petat</strong></span> <span class='ocrx_word' id='word_1_137' title='bbox 967 3126 1037 3195; x_wconf 85' lang='lat' dir='ltr'><strong>sibi</strong></span> <span class='ocrx_word' id='word_1_138' title='bbox 1062 3128 1106 3195; x_wconf 94' lang='lat' dir='ltr'><strong>de</strong></span> <span class='ocrx_word' id='word_1_139' title='bbox 1129 3125 1201 3194; x_wconf 93' lang='lat' dir='ltr'><strong>hoc</strong></span> <span class='ocrx_word' id='word_1_140' title='bbox 1226 3139 1228 3146; x_wconf 88' lang='grc'><strong>’</strong></span> 
     </span>
     <span class='ocr_line' id='line_1_23' title="bbox 174 3235 1202 3342; baseline 0.005 -30"><span class='ocrx_word' id='word_1_141' title='bbox 174 3245 242 3318; x_wconf 88' lang='lat' dir='ltr'><strong>fieri</strong></span> <span class='ocrx_word' id='word_1_142' title='bbox 265 3235 568 3336; x_wconf 72' lang='lat' dir='ltr'><strong>convocationem,</strong></span> <span class='ocrx_word' id='word_1_143' title='bbox 597 3255 635 3321; x_wconf 93' lang='lat' dir='ltr'><strong>in</strong></span> <span class='ocrx_word' id='word_1_144' title='bbox 664 3275 730 3342; x_wconf 82' lang='lat' dir='ltr'><strong>qua</strong></span> <span class='ocrx_word' id='word_1_145' title='bbox 766 3251 1025 3320; x_wconf 85' lang='lat' dir='ltr'><strong>convocatione</strong></span> <span class='ocrx_word' id='word_1_146' title='bbox 1051 3249 1202 3342; x_wconf 89' lang='lat' dir='ltr'><strong>promit·</strong></span> 
     </span>
     <span class='ocr_line' id='line_1_24' title="bbox 174 3350 1203 3464; baseline -0.003 -23"><span class='ocrx_word' id='word_1_147' title='bbox 174 3376 218 3436; x_wconf 80' lang='lat' dir='ltr'><strong>lat</strong></span> <span class='ocrx_word' id='word_1_148' title='bbox 250 3376 309 3444; x_wconf 83' lang='lat' dir='ltr'><strong>rub</strong></span> <span class='ocrx_word' id='word_1_149' title='bbox 334 3350 537 3463; x_wconf 83' lang='lat' dir='ltr'><strong>juramento</strong></span> <span class='ocrx_word' id='word_1_150' title='bbox 562 3375 741 3459; x_wconf 87' lang='lat' dir='ltr'><strong>facultati,</strong></span> <span class='ocrx_word' id='word_1_151' title='bbox 772 3383 935 3464; x_wconf 89' lang='lat' dir='ltr'><strong>tempore</strong></span> <span class='ocrx_word' id='word_1_152' title='bbox 966 3371 1203 3464; x_wconf 80' lang='lat' dir='ltr'><strong>promotionis</strong></span> 
     </span>
     <span class='ocr_line' id='line_1_25' title="bbox 176 3490 1204 3591; baseline 0.002 -35"><span class='ocrx_word' id='word_1_153' title='bbox 176 3490 224 3557; x_wconf 80' lang='lat' dir='ltr'><strong>vel</strong></span> <span class='ocrx_word' id='word_1_154' title='bbox 249 3500 463 3591; x_wconf 89' lang='lat' dir='ltr'><strong>receptionis</strong></span> <span class='ocrx_word' id='word_1_155' title='bbox 499 3522 578 3567; x_wconf 90' lang='lat' dir='ltr'><strong>suae</strong></span> <span class='ocrx_word' id='word_1_156' title='bbox 612 3496 810 3591; x_wconf 89' lang='lat' dir='ltr'><strong>praestito,</strong></span> <span class='ocrx_word' id='word_1_157' title='bbox 852 3491 947 3582; x_wconf 90' lang='lat' dir='ltr'><strong>quod</strong></span> <span class='ocrx_word' id='word_1_158' title='bbox 984 3491 1204 3578; x_wconf 84' lang='lat' dir='ltr'><strong>ordinarium</strong></span> 
     </span>
     <span class='ocr_line' id='line_1_26' title="bbox 177 3607 1205 3707; baseline -0.006 -21"><span class='ocrx_word' id='word_1_159' title='bbox 177 3634 256 3686; x_wconf 80' lang='grc'>11111111</span> <span class='ocrx_word' id='word_1_160' title='bbox 282 3620 370 3689; x_wconf 82' lang='lat' dir='ltr'><strong>velit</strong></span> <span class='ocrx_word' id='word_1_161' title='bbox 405 3621 571 3688; x_wconf 80' lang='lat' dir='ltr'><strong>fideliter</strong></span> <span class='ocrx_word' id='word_1_162' title='bbox 597 3617 811 3699; x_wconf 86' lang='lat' dir='ltr'><strong>continuare,</strong></span> <span class='ocrx_word' id='word_1_163' title='bbox 840 3639 905 3684; x_wconf 92' lang='lat' dir='ltr'><strong>nec</strong></span> <span class='ocrx_word' id='word_1_164' title='bbox 937 3607 1103 3707; x_wconf 74' lang='lat' dir='ltr'><strong>propter</strong></span> <span class='ocrx_word' id='word_1_165' title='bbox 1121 3636 1205 3681; x_wconf 75' lang='lat' dir='ltr'><strong>con·</strong></span> 
     </span>
     <span class='ocr_line' id='line_1_27' title="bbox 178 3732 1232 3825; baseline -0.005 -22"><span class='ocrx_word' id='word_1_166' title='bbox 178 3735 374 3811; x_wconf 84' lang='lat' dir='ltr'><strong>currentiam</strong></span> <span class='ocrx_word' id='word_1_167' title='bbox 398 3742 437 3808; x_wconf 90' lang='lat' dir='ltr'><strong>in</strong></span> <span class='ocrx_word' id='word_1_168' title='bbox 470 3740 652 3820; x_wconf 86' lang='lat' dir='ltr'><strong>ordinario</strong></span> <span class='ocrx_word' id='word_1_169' title='bbox 679 3741 791 3806; x_wconf 88' lang='lat' dir='ltr'><strong>minus</strong></span> <span class='ocrx_word' id='word_1_170' title='bbox 825 3736 999 3807; x_wconf 86' lang='lat' dir='ltr'><strong>ullatenus</strong></span> <span class='ocrx_word' id='word_1_171' title='bbox 1031 3732 1232 3825; x_wconf 57' lang='lat' dir='ltr'><strong>laborare„</strong></span> 
     </span>
     <span class='ocr_line' id='line_1_28' title="bbox 179 3845 1251 3957; baseline -0.01 -31"><span class='ocrx_word' id='word_1_172' title='bbox 179 3864 354 3957; x_wconf 82' lang='lat' dir='ltr'><strong>autetiam</strong></span> <span class='ocrx_word' id='word_1_173' title='bbox 390 3857 523 3931; x_wconf 89' lang='lat' dir='ltr'><strong>librum</strong></span> <span class='ocrx_word' id='word_1_174' title='bbox 550 3863 675 3945; x_wconf 88' lang='lat' dir='ltr'><strong>istum,</strong></span> <span class='ocrx_word' id='word_1_175' title='bbox 713 3861 750 3927; x_wconf 95' lang='lat' dir='ltr'><strong>in</strong></span> <span class='ocrx_word' id='word_1_176' title='bbox 778 3882 846 3947; x_wconf 94' lang='lat' dir='ltr'><strong>quo</strong></span> <span class='ocrx_word' id='word_1_177' title='bbox 874 3853 1104 3937; x_wconf 90' lang='lat' dir='ltr'><strong>concurrerit,</strong></span> <span class='ocrx_word' id='word_1_178' title='bbox 1140 3850 1207 3919; x_wconf 78' lang='lat' dir='ltr'><strong>ali·</strong></span> <span class='ocrx_word' id='word_1_179' title='bbox 1247 3845 1251 3850; x_wconf 68' lang='grc'>’</span> 
     </span>
     <span class='ocr_line' id='line_1_29' title="bbox 181 3972 1207 4079; baseline -0.014 -27"><span class='ocrx_word' id='word_1_180' title='bbox 181 3993 327 4070; x_wconf 82' lang='lat' dir='ltr'><strong>quatenus</strong></span> <span class='ocrx_word' id='word_1_181' title='bbox 359 3996 577 4079; x_wconf 89' lang='lat' dir='ltr'><strong>postponere</strong></span> <span class='ocrx_word' id='word_1_182' title='bbox 615 3983 695 4052; x_wconf 83' lang='lat' dir='ltr'><strong>sine</strong></span> <span class='ocrx_word' id='word_1_183' title='bbox 727 3981 879 4074; x_wconf 87' lang='lat' dir='ltr'><strong>speciali</strong></span> <span class='ocrx_word' id='word_1_184' title='bbox 916 3972 1207 4044; x_wconf 72' lang='lat' dir='ltr'><strong>licentia‘facul·</strong></span> 
     </span>
     <span class='ocr_line' id='line_1_30' title="bbox 182 4092 1209 4190; baseline -0.007 -26"><span class='ocrx_word' id='word_1_185' title='bbox 182 4105 261 4188; x_wconf 85' lang='lat' dir='ltr'><strong>tatis,</strong></span> <span class='ocrx_word' id='word_1_186' title='bbox 282 4104 313 4176; x_wconf 78' lang='grc'>81</span> <span class='ocrx_word' id='word_1_187' title='bbox 335 4116 482 4176; x_wconf 83' lang='lat' dir='ltr'><strong>extunc</strong></span> <span class='ocrx_word' id='word_1_188' title='bbox 516 4103 785 4185; x_wconf 86' lang='lat' dir='ltr'><strong>concurrentia,</strong></span> <span class='ocrx_word' id='word_1_189' title='bbox 816 4121 920 4189; x_wconf 90' lang='lat' dir='ltr'><strong>quam</strong></span> <span class='ocrx_word' id='word_1_190' title='bbox 947 4093 1110 4190; x_wconf 84' lang='lat' dir='ltr'><strong>petierit,</strong></span> <span class='ocrx_word' id='word_1_191' title='bbox 1140 4092 1209 4160; x_wconf 85' lang='lat' dir='ltr'><strong>sibi</strong></span> 
     </span>
    </p>
   </div>
   <div class='ocr_carea' id='block_1_5' title="bbox 182 4201 1212 4416">
    <p class='ocr_par' dir='ltr' id='par_1_5' title="bbox 182 4201 1212 4416">
     <span class='ocr_line' id='line_1_31' title="bbox 182 4201 1212 4316; baseline -0.005 -25"><span class='ocrx_word' id='word_1_192' title='bbox 182 4228 383 4314; x_wconf 86' lang='lat' dir='ltr'><strong>concedatur,</strong></span> <span class='ocrx_word' id='word_1_193' title='bbox 410 4229 452 4300; x_wconf 84' lang='lat' dir='ltr'><strong>e&#39;o</strong></span> <span class='ocrx_word' id='word_1_194' title='bbox 472 4237 595 4298; x_wconf 88' lang='lat' dir='ltr'><strong>tamen</strong></span> <span class='ocrx_word' id='word_1_195' title='bbox 618 4226 729 4309; x_wconf 89' lang='lat' dir='ltr'><strong>salvo,</strong></span> <span class='ocrx_word' id='word_1_196' title='bbox 756 4222 851 4316; x_wconf 86' lang='lat' dir='ltr'><strong>quod</strong></span> <span class='ocrx_word' id='word_1_197' title='bbox 872 4227 1009 4289; x_wconf 87' lang='lat' dir='ltr'><strong>tantum</strong></span> <span class='ocrx_word' id='word_1_198' title='bbox 1039 4201 1107 4284; x_wconf 86' lang='lat' dir='ltr'><strong>duo</strong></span> <span class='ocrx_word' id='word_1_199' title='bbox 1134 4233 1212 4286; x_wconf 78' lang='lat' dir='ltr'><strong>own</strong></span> 
     </span>
     <span class='ocr_line' id='line_1_32' title="bbox 643 4341 718 4416; baseline 0 -26"><span class='ocrx_word' id='word_1_200' title='bbox 643 4347 668 4416; x_wconf 73' lang='lat'><strong>6</strong></span> <span class='ocrx_word' id='word_1_201' title='bbox 695 4341 718 4390; x_wconf 74' lang='lat' dir='ltr'><strong>r</strong></span> 
     </span>
    </p>
   </div>
   <div class='ocr_carea' id='block_1_6' title="bbox 0 0 1395 4740">
    <p class='ocr_par' dir='ltr' id='par_1_6' title="bbox 0 0 1395 4740">
     <span class='ocr_line' id='line_1_33' title="bbox 0 0 1395 4740; baseline 0 0"><span class='ocrx_word' id='word_1_202' title='bbox 0 0 1395 4740; x_wconf 95' lang='lat' dir='ltr'><strong> </strong></span> 
     </span>
    </p>
   </div>
  </div>
 </body>
</html>
