2714 4740
149 270 194 356 8²4
212 320 215 338 .

175 467 299 552 16
343 473 438 547 Item
480 467 527 537 ‹le
554 468 762 555 visitatione
801 467 1089 546 vicecancellarii
1116 484 1209 627 pro.

151 598 367 673 examinibus
387 592 721 686 magistrandorum.
779 605 847 634 ·”·
1017 615 1021 619 ’

228 719 289 793 17.
340 717 434 787 Item
457 718 502 786 de
520 718 785 831 dispensatione
806 716 933 789 decani
954 743 1033 792 cum
1056 713 1202 818 dispen·
1244 767 1249 777 -

151 844 324 914 sutoribus
338 840 425 910 libri
441 826 610 931 bartialis
631 821 822 908 secundum
840 836 982 914 tertium
1003 844 1201 919 erticulmn.

228 966 290 1036 18.
343 963 435 1031 Item
458 961 503 1029 de
528 953 759 1052 expeditione
779 974 898 1054 pastus
929 964 1126 1038 lectionum
1158 968 1203 1038 in

153 1083 227 1158 alia
246 1085 479 1156 universitate
500 1083 713 1154 auditarum·

231 1210 292 1282 19.
342 1207 436 1275 Item
459 1230 539 1275 cum
562 1211 648 1294 quot
681 1202 742 1296 (2)
766 1206 928 1300 personis
947 1201 1203 1301 permittuntni·

91 1406 94 1410 Δ
151 1331 235 1402 Iieri
266 1328 528 1421 declarationes
546 1333 583 1395 et
602 1327 758 1416 quando
765 1337 802 1397 et
821 1328 1009 1417 quomodo

231 1455 296 1526 20.
345 1448 442 1519 Item
458 1449 504 1517 de
523 1446 702 1540 magistris
722 1472 802 1519 clun
823 1450 957 1520 decano
974 1450 1202 1545 respicienti·

152 1561 217 1646 bus
242 1583 282 1642 ut
307 1579 439 1641 statuta
460 1551 644 1640 serventur
664 1571 861 1650 facultatis.
934 1593 936 1599 ·
1020 1650 1022 1656 Α
1063 1616 1073 1633 e

230 1695 293 1771 21.
346 1692 438 1760 Item
461 1692 506 1760 de
529 1687 898 1783 promisso'novorum
918 1679 1220 1765 examinatorum

154 1840 274 1887 coram
312 1814 544 1886 facultatem
565 1815 741 1887 conciliis.

159 1934 182 1984 ·’
229 1941 294 2011 22.
345 1936 439 2004 Item
463 1935 508 2003 de
530 1934 637 2004 modo
656 1935 886 2024 extorquendi
907 1940 1041 2029 pastus.

229 2059 294 2135 23.
346 2055 438 2125 Item
463 2056 554 2145 quod
576 2055 761 2123 indiebus
778 2057 1002 2147 rogationum
1026 2055 1200 2127 exercitis

150 2190 236 2250 ante
262 2179 451 2272 prandium
473 2202 543 2246 non
563 2177 773 2251 habeantur.

215 2301 296 2384 ¹24.
347 2302 443 2371 Item
464 2300 511 2370 de
533 2301 712 2370 consimili
734 2298 968 2396 promissione
986 2296 1112 2368 decani
1132 2320 1204 2393 pro

153 2425 332 2502 examine.
794 2420 797 2424 '

231 2541 294 2616 25.
346 2544 440 2613 Item
470 2542 516 2612 de
553 2549 681 2612 statuto
712 2522 859 2634 legendi
892 2541 929 2611 in
954 2541 1205 2617 distributione

153 2667 412 2739 ordinariorum
431 2665 527 2755 quod
550 2672 603 2733 est
623 2663 811 2735 seeundum
834 2665 1011 2734 rubricam
1024 2669 1204 2756 ‘qnintnme

162 2815 168 2833 ·
232 2790 296 2860 26.
348 2786 442 2856 Item
459 2809 576 2880 poena
598 2787 745 2857 illorum
767 2781 820 2878 (i)
841 2787 1048 2882 legentium
1074 2800 1205 2862 contro

155 2918 322 2984 statutum
341 2911 378 2977 in
403 2910 671 2983 canicularibus.

161 3039 169 3048 '
238 3037 303 3108 27.
354 3033 448 3101 Item
471 3033 563 3123 quod
589 3033 704 3103 nullus
734 3032 887 3126 incipiat
907 3039 967 3103 aut
987 3029 1206 3108 determinet

156 3160 279 3230 diebus
299 3156 399 3225 festis
422 3165 505 3225 ante
527 3157 748 3248 prandium„
1140 3248 1143 3254 Ι
1187 3172 1192 3179 ’

90 3267 93 3269 ’
235 3279 298 3351 28.
350 3279 446 3347 Item
475 3278 570 3367 quod
602 3277 639 3344 in
667 3277 728 3361 die
755 3277 951 3349 animorum
981 3285 1072 3349 onte·
1092 3301 1206 3376 pran-

159 3400 256 3469 dium
279 3422 350 3468 non
370 3401 522 3491 legatur
528 3422 595 3469 neo
619 3392 832 3492 disputetur.
933 3465 935 3469 .
1068 3439 1072 3451 ·

97 3603 103 3618 ἱ
164 3540 168 3549 ’
239 3524 303 3593 29.
352 3520 615 3591 Examinandos
651 3520 703 3590 nd
747 3521 897 3613 gradum
943 3522 1207 3601 beccelarictm

155 3641 346 3733 schedulas
374 3641 532 3738 primum
551 3645 681 3715 offerre
701 3652 865 3739 oportet
957 3680 964 3691 ·
1170 3657 1200 3682 *³

564 3989 801 4010 Μ
