2700 4732
1068 336 1173 415 uuor.
1192 314 1242 411 X,

695 586 699 591 -
736 543 800 617 28.

325 705 411 785 Non
436 701 580 807 legatur
604 718 664 772 nec
687 688 889 793 disputetur
913 682 969 763 dre
992 681 1228 762 Anime.

343 853 449 922 Anno
474 830 746 916 Domini1408.
767 835 803 902 in
824 830 883 900 die
905 827 1153 923 conceptionis
1175 826 1307 897 beabo

249 974 390 1045 Mariae
406 965 570 1060 Virginis
588 960 795 1031 conclusum
819 956 887 1024 fuit
906 953 1007 1024 nullo
1031 950 1305 1024 contradicente

251 1098 290 1169 in
316 1094 491 1164 decanatu
510 1066 607 1178 mag.
629 1081 1070 1169 AlbertiVarentrappcn
1092 1077 1139 1144 de
1169 1074 1301 1145 Mona·

248 1218 368 1300 sterio,
399 1212 493 1303 quod
519 1232 586 1303 per
616 1204 773 1296 amplius
796 1201 833 1268 in
856 1199 917 1271 die
954 1199 1183 1283 Animarum,
1209 1219 1322 1289 quae.

247 1338 480 1413 communiter
498 1328 680 1402 consuevit
700 1348 775 1393 esse
799 1323 960 1417 proxima
988 1321 1048 1390 dic
1065 1330 1149 1415 post
1166 1314 1301 1389 festum

246 1462 402 1534 omnium
429 1426 653 1535 Sanctorum,
678 1457 762 1517 ante
794 1444 985 1540 prandium
1009 1468 1079 1514 non
1117 1442 1303 1536 legeretur

248 1574 363 1670 neque
386 1578 636 1671 disputaretur,
657 1569 803 1642 &illud
825 1567 932 1636 modo
954 1572 1124 1635 consueto
1143 1566 1209 1669 ⁸¹¹¹?
1237 1564 1301 1635 de·

248 1716 394 1785 capatus
423 1701 548 1792 rigillo
578 1696 728 1791 publice
763 1701 845 1763 ante
875 1691 1005 1762 ostium
1033 1689 1185 1783 collegii
1215 1690 1300 1759 inti·

247 1833 412 1899 manetur.

741 1965 804 2037 29.

183 2098 187 2107 ’
248 2109 519 2191 Examinundos
551 2105 604 2184 ad
628 2102 785 2212 gradum
817 2101 1080 2182 baccalaurus
1111 2097 1299 2184 schedulas

517 2236 678 2336 primum
707 2231 835 2326 offirre
861 2246 1015 2332 oportet.

345 2374 451 2452 Anno
472 2380 616 2450 Domini
635 2372 746 2448 1465.
768 2375 827 2443 dic
844 2371 905 2447 25.
923 2374 1051 2444 mensis
1070 2340 1297 2469 septembrii

250 2505 401 2572 decanus
424 2494 607 2570 facultatis
626 2500 754 2569 artium
782 2509 818 2567 et
840 2497 1004 2590 magistri
1024 2495 1158 2584 reliqui
1180 2495 1296 2590 proli-

250 2624 399 2691 ciendae
425 2623 647 2693 universitati
679 2622 911 2712 diligentiam
938 2617 1189 2712 impendentes
1224 2621 1297 2689 ani·

129 2816 133 2823 ,
250 2743 529 2826 madverterunt‚
546 2767 652 2834 quam
674 2744 930 2813 discontinuatc
950 2752 987 2811 et
1007 2742 1174 2811 intercise
1193 2742 1294 2813 audi-

249 2871 345 2934 tores
376 2866 572 2935 lectionum
598 2865 778 2935 ordinarie
813 2865 859 2933 ad
888 2864 1019 2956 gradus
1054 2862 1295 2957 spectantium

250 2989 366 3058 studio
390 2990 634 3071 intendissent,
656 2989 752 3057 hunc
780 2986 962 3056 defectum
982 2984 1125 3055 meliori
1151 2984 1297 3057 vivendi

250 3111 374 3180 ordine
401 3115 590 3182 emendare
612 3114 808 3205 cupientes,
836 3134 939 3204 super
967 3109 1035 3178 hac
1057 3134 1097 3180 re
1118 3114 1230 3180 etiam
1253 3108 1299 3182 ad

249 3235 397 3327 plenum
418 3236 642 3305 discutienda
655 3235 881 3304 intimatione
901 3233 1029 3302 decani
1042 3238 1206 3327 accepta,
1221 3234 1315 3305 uni-¹

249 3354 417 3423 formiter
437 3328 685 3426 concluserant
711 3364 747 3423 et
771 3362 984 3438 statuerunt,
1011 3361 1049 3425 ut
1070 3377 1193 3426 onmes
1221 3365 1298 3427 ten·

249 3487 368 3546 tamen
387 3478 459 3545 rive
480 3500 625 3546 examen
642 3480 774 3546 intrare
800 3477 960 3545 volenter
977 3477 1014 3546 in
1029 3477 1149 3571 primo
1170 3480 1298 3551 introi·

249 3609 288 3668 tn
310 3598 384 3666 sive
412 3598 654 3668 intitulatione
674 3598 880 3680 schedulae,
911 3599 1035 3687 quibus
1059 3599 1205 3671 auditae
1227 3604 1299 3673 loc·

250 3721 365 3789 tiones
388 3722 610 3813 conscriptae
631 3721 776 3809 tuerint,
802 3723 839 3789 in
868 3721 1025 3790 omnium
1044 3725 1298 3814 magiitrorm

249 3865 410 3915 consessu
424 3843 636 3936 proterant,
663 3853 700 3914 ut
727 3844 824 3915 illius
854 3844 1031 3938 magistri,
1061 3867 1169 3934 quarm
1188 3870 1298 3919 nuno·

244 3940 426 4049 ‘tavennm
454 3964 485 4032 si
508 3964 559 4034 ita
586 3968 729 4058 integre
759 3966 979 4056 audiverint,
1012 3965 1124 4036 veluti
1145 3967 1298 4067 aeripue-

247 4095 343 4171 runt,
377 4087 581 4158 testimonio
607 4087 835 4160 confirmatio
862 4087 944 4168 liat.
971 4087 1064 4157 Nam
1087 4086 1298 4182 pariforntiff
