2714 4740
1074 266 1185 388 Rubr-
1205 270 1255 342 11.

745 469 806 545 10.
837 441 847 451 ’

354 638 405 721 Ut
428 660 497 716 non
518 652 771 741 promoveatur
796 633 924 743 aliquis
949 638 1024 716 sina
1045 637 1201 744 signeto.

277 806 280 813 ’
344 810 406 880 Ad
440 834 545 902 supra
570 809 782 901 scriptorum
809 811 1010 881 efficaciam
1037 812 1222 909 magistris
1259 811 1302 884 in

249 935 360 1030 plena
379 934 658 1026 congregatione
678 936 879 1002 convocatis
894 959 985 1005 anno
1008 937 1153 1007 Domini
1181 937 1298 1010 1373.

252 1054 315 1128 15.
342 1058 400 1126 dic
436 1057 565 1127 mensis
597 1054 691 1139 Maji
726 1064 896 1124 statutum
916 1056 986 1126 tuit
1024 1067 1060 1126 et
1081 1060 1298 1142 conclusum,

93 1200 98 1207 “
137 1250 141 1258 ,
250 1188 291 1250 ut
321 1179 435 1247 nullus
463 1178 606 1245 omnino
631 1176 883 1265 magistrorum
911 1179 1069 1266 aliquem
1102 1181 1298 1269 adquam·

251 1326 387 1391 cunque
405 1302 555 1393 gradum
573 1310 798 1393 promoveat,
829 1301 897 1368 nisi
911 1301 995 1382 iste,
1022 1301 1080 1390 qui
1097 1303 1193 1393 petit
1214 1308 1299 1396 pro.

165 1485 168 1489 .
251 1427 411 1510 moveri,
441 1426 561 1515 primo
579 1424 780 1513 portaverit
803 1424 871 1492 sibi
893 1426 1072 1515 signatum
1106 1447 1127 1491 a
1148 1425 1319 1509 decano,

250 1548 344 1635 quocl
377 1570 413 1613 se
441 1545 487 1612 (la
522 1545 626 1615 bursa
656 1545 885 1636 expediverit
923 1546 1032 1614 modo
1066 1547 1298 1642 praescripto

237 1670 330 1741 'cum
350 1666 597 1762 receptoribus
618 1665 825 1743 facultatis..

742 1854 802 1927 11.

452 2013 560 2123 Quod
583 2043 652 2097 non
676 2011 803 2098 debent
828 2022 905 2122 cupi
921 2023 1093 2127 pignora.

342 2185 436 2256 Item
455 2196 621 2257 statutum
641 2185 710 2254 fuit
734 2186 795 2258 14.
817 2186 876 2254 dic
897 2163 1097 2267 Februarii,
1119 2183 1217 2274 quod
1241 2209 1300 2255 re·

245 2317 411 2405 ceptorcs
442 2310 616 2402 pecuniae
652 2306 832 2378 facultatis
860 2311 959 2380 nullo
997 2309 1105 2378 modo
1140 2309 1301 2378 debeant

248 2456 379 2526 capere
413 2435 566 2523 pignora
600 2455 668 2523 pro
702 2433 815 2500 bursis
846 2431 1194 2524 promovendorum,
1235 2429 1300 2498 sed

248 2563 459 2648 promptam
478 2555 678 2644 pecuniam,
704 2555 772 2620 nisi
798 2578 904 2645 super
925 2551 995 2621 hoc
1022 2577 1101 2621 cunr
1124 2554 1193 2620 isto
1213 2575 1299 2644 pro.

249 2673 430 2743 movendo
450 2697 470 2739 a
493 2674 665 2742 facultate
690 2673 785 2770 foret
812 2676 1053 2771 dispensatum
1072 2671 1173 2767 juxta
1193 2699 1301 2776 prae·

249 2797 394 2865 missum
424 2806 607 2877 statutum,

736 2990 800 3081 12.

353 3146 413 3224 De
438 3146 536 3226 niodo
556 3151 809 3254 praesentanei
832 3145 1200 3265 baccalariandornm.

344 3335 609 3405 Prornovendns
628 3336 676 3404 ad
694 3338 848 3428 gradum
872 3337 1155 3422 baccalariatm,
1186 3338 1300 3407 (lebet

247 3473 314 3548 per
347 3456 554 3545 magistrum
575 3480 672 3524 suum
696 3456 743 3522 ad
765 3458 1085 3549 congregationem
1112 3455 1301 3526 facultatis

248 3599 353 3669 super
385 3574 453 3645 hoc
477 3576 611 3647 factam
637 3578 793 3661 adduci,
821 3578 852 3648 c
876 3581 928 3646 ibi
952 3603 1020 3677 per
1040 3558 1319 3675 (Ιεοςιιᾳιιαιρῑῃῆῥί

245 3699 425 3795 aeniorem
456 3691 797 3803 magistrorum,nsi
825 3724 902 3807 9⁰3¹.
930 3703 977 3799 sit
1008 3676 1191 3805 clecapus,
1234 3725 1303 3798 per

245 3821 482 3906 juramentum
515 3820 767 3909 praestandum
793 3821 1031 3914 interrogari,
1060 3825 1090 3890 si
1120 3823 1305 3894 audiverit

235 3938 437 4042 ⁸summulae
463 3939 627 4031 magistri
653 3942 828 4035 Hispani,
855 3954 1013 4012 veterem
1033 3952 1171 4030 artem,
1200 3947 1305 4041 prio·

246 4085 344 4144 rum,
385 4062 640 4155 posteriorum,
679 4064 929 4152 elenchorum,
966 4066 1228 4160 physicorum,
1255 4065 1303 4137 do
