2700 4732
146 224 236 296 nub.
256 221 303 291 11.
371 264 373 269 -

598 437 694 507 aa
802 395 813 405 '‘

183 663 185 668 ,
246 578 502 681 lntopretatto
526 585 662 659 statuti
685 581 728 663 de
752 581 1015 691 legitimatioae.

203 724 297 794 Item
327 725 422 815 qnod
451 726 498 794 sit
525 725 571 797 de
602 732 767 824 legitimo
804 734 938 833 thor03
979 732 1042 803 sed
1079 729 1152 802 boc

97 851 335 945 postmodum
366 849 482 920 inerat
521 851 573 923 aio
604 828 903 951 interpretatum,
948 856 1041 946 quod
1065 832 1150 925 {die-
1215 949 1223 959 Ι

98 987 204 1047 toute
238 979 453 1048 conscientia
480 980 596 1048 credit
617 1003 654 1048 se
673 1003 754 1048 esse·
770 980 822 1048 de·
840 983 1007 1073 legitimo
1030 981 1148 1062 thoro,

96 1101 172 1169 ieta
192 1109 314 1168 tamen
335 1101 545 1170 conditione
561 1104 725 1189 adjecta,
754 1103 898 1191 quodsi
923 1125 1001 1171 cunr
1026 1103 1147 1193 aliquo

96 1247 172 1318 per
193 1223 316 1292 sedeur
333 1226 567 1318 apostolicam
583 1227 868 1319 dispensaretur,
896 1225 990 1314 qnod
1025 1198 1148 1317 posset
1160 1261 1241 1322 Nm

96 1368 222 1417 sacros
241 1345 383 1416 ordines
401 1351 586 1441 recipere,
611 1335 795 1418 vel‘nnum
822 1358 882 1419 ant
903 1349 1007 1442 plura
1039 1350 1146 1416 bene-

94 1471 190 1542 ficia
203 1482 402 1566 acceptare,
420 1497 492 1543 non
505 1475 655 1543 deberet
673 1475 790 1566 ipsum
805 1471 1028 1566 pronuntiari
1047 1470 1145 1578 (sic),

95 1596 171 1669 nisi
199 1595 407 1689 specialiter
432 1601 469 1668 in
505 1600 773 1694 dispensatione
801 1599 909 1669 tieret
935 1600 1071 1679 mentio
1102 1598 1149 1666 de
1233 1692 1235 1696 μ

95 1715 312 1807 magisterio
338 1719 567 1812 recipiendo,
603 1720 663 1815 rei
693 1719 762 1787 nisi
795 1726 887 1788 esset
920 1742 988 1789 nna
1026 1718 1148 1810 legiti-

95 1837 217 1910 mtio
243 1841 441 1911 communis
472 1843 589 1932 quoad
616 1841 737 1911 omnia
762 1841 861 1910 facta
888 1842 1116 1936 simpliciter.

596 1987 657 2057 29.
708 2018 712 2027 ·

104 2145 289 2260 Quomodo
319 2147 592 2223 examinatores.
612 2145 942 2252 aragistrondoram
963 2139 1086 2223 debent
1110 2167 1149 2222 se

218 2297 343 2382 gerere
364 2297 443 2348 cunr
461 2273 614 2346 tentaris
635 2288 671 2347 et
690 2296 777 2377 erga
795 2268 1024 2369 facultatem.

196 2476 292 2545 Item
316 2474 411 2565 qnod
435 2474 695 2542 examinatores
714 2470 1040 2565 magistrandornm
1063 2474 1146 2560 post
1266 2504 1269 2511 ·

98 2609 290 2671 tentamen
336 2605 418 2663 ante
458 2595 632 2663 examinis
672 2594 912 2690 inceptionem
953 2593 1147 2683 procurent
1176 2614 1181 2622 ·

95 2724 245 2796 uomina
279 2725 498 2789 tentatorum
523 2716 561 2785 in
594 2716 707 2811 plena
731 2719 1011 2811 congregatione
1036 2717 1147 2787 facid-

94 2846 186 2916 tatis
195 2841 384 2940 publicari,
404 2840 450 2908 ad
474 2838 598 2923 tinem,
619 2850 656 2908 nt
682 2842 792 2910 etiam
816 2842 970 2910 intentio
997 2850 1034 2908 et
1058 2867 1145 2914 con·

94 2990 216 3039 senem
253 2964 435 3035 facultatis
475 2961 521 3030 de
554 2963 786 3030 admittendis
819 2961 1022 3047 habeatur,
1063 2967 1146 3054 quia

95 3094 224 3184 posset
252 3086 381 3174 aliquis
414 3107 490 3152 esse
525 3083 629 3166 talis,
656 3083 749 3172 quod
773 3083 1068 3154 examinatoribus
1094 3069 1140 3151 de

95 3208 259 3279 moribus
291 3206 358 3272 suis
390 3226 460 3271 non
491 3212 690 3287 constaret,
726 3202 792 3272 sed
827 3203 933 3272 aliem
961 3203 1068 3272 elteri
1097 3203 1145 3271 de
1204 3248 1213 3262 ,

91 3327 273 3398 nortun
295 3333 386 3395 esset
407 3335 520 3394 notus.
559 3323 653 3393 Item
671 3348 740 3421 pro
762 3334 844 3395 tuuc
870 3330 1037 3394 statutum
1059 3322 1139 3406 fnit,

92 3451 200 3541 qood
235 3449 351 3517 nullus
384 3450 661 3542 magistrorum,
699 3448 780 3540 qui,
820 3457 857 3517 nt
887 3447 1142 3540 praemittitur,

93 3595 167 3666 pro
193 3571 433 3641 examinatore
453 3572 774 3665 magistrandorum
803 3560 908 3643 fuerit
938 3570 1142 3663 deputatus.

93 3693 256 3783 aliquem
279 3717 345 3787 pro
371 3697 579 3787 magisterio
600 3696 854 3798 examinatum,
881 3691 1027 3761 domino
1057 3688 1166 3762 cau?

94 3815 264 3899 cellario,
294 3839 354 3888 seu
375 3819 669 3889 vicecancellario
686 3818 734 3887 ad
753 3817 1013 3887 licentiandnm
1034 3838 1138 3912 prae·

94 3948 240 4004 tentare
261 3950 479 4027 praesumat,
504 3941 573 4008 nisi
596 3940 692 4033 prius
707 3939 900 4028 jnraverit,
925 3961 1046 4008 coram
1071 3937 1138 4040 de-

97 4079 192 4125 cano
213 4055 388 4128 facultatis
420 4071 456 4127 et
490 4061 785 4131 examinatoribus
806 4055 1137 4153 magistrandornrn,
