2700 4732
93 241 184 311 aab.
205 236 249 307 V.
674 303 679 319 ,
791 286 795 291 -
1064 251 1108 317 79

52 439 222 530 magistri
234 430 491 530 actu'regentes
510 441 554 506 de
572 449 716 527 quatuor
730 444 928 512 nationibus
952 445 996 509 ad
1009 445 1113 510 ‹leca-

55 591 144 639 num
154 564 336 642 facultatis
348 567 435 655 eligi
449 566 614 644 debeant,
626 568 687 652 qui
699 568 756 633 vel
769 572 883 655 major
895 589 978 658 pars
989 591 1114 635 ,eorum

56 714 140 760 cum
174 689 329 759 decano*
345 690 483 782 possint
516 664 718 775 hujusmodi
754 694 929 760 lectiones
949 695 1117 783 privatas,
1155 668 1157 676 Ι

55 825 231 908 quntum
260 816 411 906 respicit
434 812 655 900 facultatem,
691 818 891 909 indulgere,
924 827 961 886 et
994 817 1118 886 literas

58 940 400 1048 recognitionum&
420 942 686 1033 promotionum
712 945 904 1034 petitorias
924 945 989 1013 sub
1010 943 1118 1019 certis
1204 990 1205 994 =

63 1064 192 1138 formis
225 1087 334 1160 super
374 1065 434 1136 his
471 1068 678 1155 constitutis
714 1069 920 1161 petentibus
956 1067 1119 1161 elargiri·

559 1213 624 1282 22.

183 1352 244 1432 De
267 1350 368 1430 modo
387 1305 535 1457 petendi
553 1368 625 1458 pro
649 1328 846 1460 hujumodi
868 1353 996 1434 literis.

164 1503 235 1572 Pro
260 1503 498 1571 convocandis
524 1525 608 1572 vero
631 1504 689 1572 his
707 1490 856 1593 quatuor
870 1506 1052 1598 magistris
1074 1504 1120 1574 ad

76 1598 248 1700 decanulb
265 1637 473 1712 statuerunt,
497 1638 534 1702 ut
556 1630 752 1721 quicunque
766 1631 1025 1722 magistrorum,
1038 1629 1122 1698 bac·
1223 1618 1230 1623 ’

83 1754 306 1838 salariorum,
320 1751 352 1824 lc
366 1753 584 1825 scholarium
597 1758 835 1850 indigentiam
851 1758 897 1825 de
915 1756 1123 1852 praemissis

74 1882 248 1966 habuerit,
271 1884 393 1976 primo
417 1883 522 1954 istam
546 1885 681 1954 decano
717 1892 884 1977 exponat,
912 1883 1041 1952 deinde
1063 1883 1122 1950 de·

75 2032 175 2078 cantu
192 2009 261 2078 sibi
286 2009 477 2078 terminum
498 2017 640 2096 statuat,
658 2018 704 2077 ‘et
717 1994 792 2076 illis
816 2009 840 2080 4
855 2010 1036 2101 magistris
1051 1996 1139 2079 ter-⁵

78 2136 206 2205 urinum
221 2142 391 2203 statutum
406 2137 558 2206 insinuet
571 2153 583 2221 3
606 2137 764 2229 ipseque,
781 2159 926 2226 proquo
943 2134 1030 2227 talis
1043 2158 1124 2201 con·
1228 2124 1231 2129 ’

77 2261 212 2330 vocatio
228 2258 313 2332 fieri
336 2261 456 2342 debet,
476 2283 598 2351 perse
619 2261 733 2352 ipsum
756 2268 861 2352 roget
886 2259 970 2328 illos
995 2260 1125 2348 magis·

76 2394 161 2470 tros,
181 2384 428 2476 &quemlibet
442 2384 676 2476 singulariter
695 2383 742 2450 ad
755 2384 991 2473 praefinitum
1004 2388 1126 2453 termi-

77 2533 156 2582 num
187 2511 385 2592 convenire,
406 2495 464 2577 uel
491 2509 752 2579 excusationem
770 2509 801 2574 si
823 2510 956 2580 habeat
977 2511 1036 2578 vel
1060 2507 1125 2575 ha·

10 2696 12 2705 ι
75 2636 193 2721 beant,
218 2641 371 2734 propria
391 2658 497 2705 manu
517 2637 714 2707 rescribere
738 2638 783 2706 ad
804 2637 998 2723 decanum3
1026 2631 1059 2704 86
1082 2652 1126 2700 ex

76 2772 159 2834 tunc
169 2765 320 2834 decanus
344 2785 422 2831 cum
437 2762 619 2854 magistris
641 2761 924 2840 advenientibus,
938 2761 997 2828 vel
1013 2764 1124 2847 majo·

73 2885 105 2955 ri
115 2897 219 2981 parte
235 2886 394 2976 ipsorum
417 2882 692 2964 advenientium,
709 2882 768 2948 vel
787 2881 817 2948 si
837 2882 954 2948 nullus
970 2879 1123 2947 advene·

72 3011 133 3094 rit,
161 3011 218 3078 vel
241 3007 503 3078 excusationem
528 3007 764 3098 rescripserit,
786 3027 824 3072 sc
850 3005 926 3073 solo
945 3005 1126 3099 negotium

73 3136 191 3233 ipsum
231 3135 350 3203 valeat
377 3133 612 3205 effectualiter
638 3131 833 3225 expedire,
872 3118 947 3196 hoc‘
964 3130 1126 3216 ‚adjecta

72 3259 170 3353 qwd
195 3261 233 3330 in
261 3260 427 3353 proxima
447 3255 726 3350 congregatione
749 3256 934 3327 facultatis
957 3266 1126 3345 sequente

71 3384 227 3454 decanus
249 3382 404 3457 dicat&
435 3379 639 3451 manifestet
667 3384 736 3452 toti
767 3381 1027 3465 communitati,
1053 3382 1128 3468 qui·

71 3514 140 3585 bus
169 3510 362 3604 magistris,
389 3508 612 3591 baccalariis,
634 3519 692 3578 aut
710 3506 933 3576 scholaribus
955 3505 1127 3573 lectiones

70 3636 240 3733 privatae
268 3632 450 3715 indultae,
483 3643 541 3705 aut
563 3633 690 3702 literae
711 3629 914 3718 hujusmodi
938 3630 1009 3696 sint
1041 3651 1124 3696 con-

73 3780 217 3848 cessae3
243 3758 353 3827 electi
386 3780 521 3848 quoque
543 3756 635 3824 tales
659 3767 734 3825 tam
764 3756 824 3827 diu
851 3759 887 3825 in
907 3756 976 3825 hoc
1002 3755 1127 3824 officio

73 3888 271 3987 persistere
308 3882 471 3968 debcant,
501 3883 669 3975 quamdiu
700 3884 872 3966 decanus,
901 3880 957 3952 cui
985 3880 1127 3950 fuerunt

72 4014 241 4092 coelecti.
