2700 4732
246 260 321 335 810

314 444 446 519 item
474 432 602 511 eodem
637 428 794 503 dioclet.
824 421 1009 499 conradus
1040 427 1088 498 de
1115 426 1221 503 Gen
1246 435 1305 505 nh

131 622 133 626 -
253 595 353 667 mag.
375 558 589 639 Helmoldo

348 690 443 759 ltem
469 681 596 751 eodem
618 677 676 747 die
696 670 788 747 dett.
808 672 935 745 Petrus
954 672 1152 745 delibeak
1178 684 1217 747 et
1240 679 1300 767 Jo-

253 834 361 887 annes
380 797 631 881 Swenkenfelt
651 797 720 868 sub
736 817 835 888 mag.
862 794 1007 865 Joanne
1033 796 1299 891 Mourterberg.

259 990 390 1129 Item·
415 1054 455 1124 in
492 1014 773 1143 Quadragesinra
822 1042 862 1113 in
896 1054 1048 1135 quatuor
1086 1000 1303 1146 temporibus

253 1181 366 1256 electi
392 1178 534 1248 fuerunt
554 1170 813 1241 examinatores
832 1168 1189 1243 baeealariandorum
1212 1194 1300 1265 mag.

254 1302 419 1377 Andreas
436 1298 483 1367 de
502 1294 700 1374 Zeleneea,
723 1290 880 1359 Joannes
902 1288 1116 1378 Hildissen,¹
1128 1294 1300 1367 Henrieus

254 1423 395 1509 Berlin,
425 1418 564 1509 Paulus
585 1411 792 1485 wladimiri
824 1420 861 1481 et
891 1413 1110 1484 admiserunt
1143 1417 1227 1487 illos
1251 1440 1302 1487 se-

109 1568 114 1577 '
254 1548 409 1623 eundum
426 1540 613 1614 ordinemt
648 1534 815 1607 Miehael
839 1537 1040 1628 Arsinger,
1077 1540 1235 1632 Magnus
1255 1544 1301 1612 de

254 1673 400 1752 Birmo‚
424 1663 594 1733 Nicolaus
627 1660 671 1728 de
693 1658 860 1741 Selnicz,
896 1658 1055 1734 Joennes
1077 1658 1302 1757 Bulrenbmg,

254 1792 384 1866 Petrns
410 1787 456 1855 sle
475 1785 613 1866 Policz,
638 1782 800 1852 Thomas
824 1780 907 1854 Mas
929 1784 974 1849 de
991 1782 1162 1875 Elbingo,
1187 1788 1296 1875 Joan.

255 1916 304 1985 de
327 1911 594 1997 Mezerzyeoa,
627 1901 789 1974 Andreas
811 1899 1086 2008 Obenholezer,
1112 1904 1303 1975 Henricue

253 2034 347 2118 cal,
383 2027 612 2097 wenceslaus
636 2023 682 2090 de
702 2024 842 2107 Telon,
875 2022 1044 2095 Nicolaus
1062 2022 1302 2119 carpentarii,

253 2154 431 2229 Hernicus
454 2148 498 2215 de
516 2143 603 2227 Lon,
632 2141 797 2212 Michael
823 2144 868 2211 de
888 2145 1077 2233 Treueris,
1108 2146 1298 2219 Bartholo-

253 2294 373 2348 maeus
400 2270 446 2339 de
471 2267 705 2361 Opatowioz,
742 2264 985 2336 Wernhardns
1012 2266 1206 2339 Reiehnek
1236 2269 1298 2360 (i),

252 2400 377 2469 Petrus
408 2390 453 2460 de
473 2386 846 2479 Quinque-eeclesiis.
871 2390 946 2476 dds,

348 2514 443 2582 Item
464 2513 590 2600 quinto
611 2509 671 2577 die
695 2511 883 2580 Februarii
907 2513 1014 2581 Joan.
1043 2512 1297 2611 Wolllrangen,

253 2636 479 2716 licentiatus,
516 2633 675 2699 obtinuit
712 2631 924 2702 dilationem
966 2636 1115 2724 bursae,
1156 2646 1293 2715 testibus

252 2759 367 2854 ungris
392 2757 545 2826 Alberto
565 2754 824 2845 Engelschalk,
849 2766 887 2827 et
914 2760 1053 2829 Joanne
1074 2762 1220 2833 Artsen.

349 2879 444 2949 Item
467 2874 593 2946 eodem
615 2877 675 2945 ‹lie
700 2878 887 2971 Sdenniko
921 2879 965 2948 de
990 2882 1112 2972 Zlyw,
1138 2885 1290 2957 licentis

146 3035 149 3045 ·
254 3002 356 3077 tusin
375 3000 521 3083 artibus,
543 2999 700 3068 obtinuit
723 2998 935 3072 dilationem
958 3003 1086 3074 bursae
1110 3007 1291 3077 solvendae

253 3119 427 3212 usquead
446 3119 577 3188 festum
600 3119 772 3212 paschae.

348 3238 443 3308 item
469 3238 531 3307 11.
551 3239 610 3309 die
639 3242 771 3310 mensis
801 3242 962 3330 ejusdem
983 3268 1082 3338 mag.
1108 3248 1236 3321 Simon
1252 3244 1289 3313 tle

254 3360 419 3432 Trebeez
442 3360 597 3431 obtinuit
621 3363 924 3457 dispensationem
948 3368 1086 3437 biennii
1110 3370 1286 3465 complet·-

253 3482 296 3552 di
312 3503 380 3575 per
404 3480 629 3573 Stephanum
648 3490 693 3555 de
714 3488 879 3557 'l‘rebecz
901 3490 1158 3563 baccalarium.

347 3601 442 3671 Item
461 3601 523 3677 17.
547 3602 605 3673 die
629 3607 758 3674 mensis
788 3610 948 3695 ejusdem
969 3611 1138 3681 Clemens
1158 3612 1291 3687 Schnei-

252 3725 436 3801 berndorff
461 3734 499 3794 et
519 3725 729 3801 Franciseus
750 3729 946 3803 Creiawicz
977 3743 1056 3803 aunt
1076 3736 1237 3827 promoti
1252 3730 1292 3805 ul

251 3845 404 3940 gradum
439 3847 639 3941 magisterii
667 3849 707 3920 iu
733 3852 870 3923 artibus
900 3854 963 3926 sub
994 3855 1225 3949 mae-Petro
1253 3852 1293 3923 de

251 3964 408 4046 stedine.
