2700 4732
1051 278 1113 349 '17

62 456 1113 568 dnuooentiumnuliatirtcongregatiosnpercujuscumque

71 602 243 696 petitione
264 621 333 693 pro
354 580 599 666 concurrentia
618 597 861 688 impetranda.
967 595 974 602 ’

162 720 257 790 Item
278 718 372 812 quod
392 721 552 788 volentes
572 725 697 813 petere
717 718 978 790 concurrentias
998 721 1112 791 indie
1170 780 1172 786 .
1198 789 1201 794 .

71 838 314 913 Innocentium
334 825 400 925 aut,
413 830 631 931 quacumque
649 841 721 910 alia
741 841 800 910 die
824 845 984 931 sequenti
1009 869 1111 937 prae·
1151 905 1152 909 ,

68 968 207 1036 sentent
223 965 364 1045 nomina
381 986 440 1034 sua
459 966 595 1034 decano
619 969 707 1034 cum'
720 965 917 1036 nominibus
940 966 1110 1039 librorum

66 1101 147 1165 ante
169 1091 286 1174 diem,
313 1092 349 1160 in
371 1113 438 1179 qua
459 1091 691 1185 congregatio
717 1088 801 1160 fieri
821 1089 939 1158 debet.

162 1213 255 1283 Item
276 1212 321 1281 de
342 1206 604 1306 praeventione,
631 1235 718 1303 quae
740 1212 777 1280 in
797 1219 924 1282 statuto
942 1212 1111 1306 exprimi-

64 1350 144 1426 tur,
181 1342 365 1411 decretum
398 1335 495 1418 suit,
529 1335 625 1426 quod
659 1333 728 1402 isto
755 1333 964 1426 praeventio
993 1334 1116 1407 locumi
1195 1407 1198 1411 ,

55 1430 198 1532 'habeat
232 1460 327 1529 circa
353 1457 586 1539 ¹facultatem,
640 1461 677 1524 et
706 1479 778 1525 uon
795 1432 899 1526 ¹circa
920 1437 1108 1543 decanum,
1187 1532 1197 1551 Ι

62 1590 138 1672 ita,
161 1585 256 1677 quod
277 1583 339 1672 qui
365 1583 461 1677 prius
488 1579 628 1650 'obtinet
647 1580 745 1649 circa
767 1578 994 1663 facultatem,
1033 1585 1118 1656 sive·
1236 1590 1238 1593 ’

61 1710 181 1781 senior
208 1706 335 1791 fuerit,
374 1704 448 1774 sive
467 1705 605 1792 junior,
645 1702 761 1776 locum
784 1694 903 1778 teneat
932 1729 1107 1802 praeven—
1139 1732 1140 1735 ’

60 1835 179 1905 tionis.

154 1958 248 2026 Item
279 1956 371 2045 qued
407 1954 436 2023 si
458 1955 525 2024 duo
554 1952 727 2047 petierint
754 1956 1037 2028 concurrentiam
1060 1958 1113 2034 ad'·

59 2080 197 2151 librum
218 2073 377 2159 eundem,
405 2083 440 2146 ct
460 2079 552 2145 alter
574 2097 693 2144 eorum
712 2075 807 2146 inira
829 2087 910 2147 octo
932 2080 1007 2149 dies
1024 2091 1107 2173 post

60 2211 201 2274 octavas
222 2201 439 2295 epiphaniae
463 2223 534 2267 non
555 2196 750 2288 inceperit,
776 2222 844 2288 pro
866 2207 949 2269 tuno
969 2205 1105 2272 salvum

60 2325 108 2391 sit
132 2323 241 2390 alteri
278 2329 404 2415 petere
440 2317 742 2402 concurrentiam,
778 2320 839 2409 qui
871 2321 1042 2405 uoluerit,
1061 2324 1107 2398 ,in

58 2447 193 2516 librum
214 2445 372 2513 eundern.
731 2519 735 2523 ,

159 2569 265 2638 Anno
298 2565 579 2640 Dominit366.
613 2563 650 2632 in
682 2563 834 2634 adventu
856 2547 1002 2637 Domini
1033 2569 1104 2643 hoo
1181 2610 1184 2615 ·

59 2697 224 2760 statutum
244 2688 483 2770 edidimuS„et
499 2662 806 2770 authorizauimuS‚
825 2691 917 2776 quod
941 2696 977 2758 et
1000 2716 1104 2784 prae·

60 2813 214 2881 sentibus
241 2811 340 2881 novis
361 2809 498 2878 statutis
528 2810 685 2888 volumus
705 2807 903 2902 applicari,
939 2822 980 2883 ut
1001 2819 1103 2887 scho.

60 2935 153 3004 lares
193 2934 281 3003 dent
308 2941 448 3028 pastum
471 2926 501 3026 *)
543 2935 745 3025 magistris,
789 2913 932 3023 quorun
958 2941 1104 3010 audiunt

60 3055 249 3139 lectioneS‚
276 3058 338 3126 sub
371 3059 437 3126 tali
458 3059 681 3143 conditione,
717 3060 812 3150 quod
836 3060 895 3149 qui
922 3064 1102 3134 annuatim

59 3198 129 3246 non
157 3175 269 3246 habet
294 3182 495 3272 expendere
527 3181 716 3250 duodecim
741 3183 912 3268 florenos,
939 3187 1101 3255 totaliter

59 3298 105 3365 eit
116 3305 284 3383 exemtus,
309 3301 498 3372 dummodo
517 3301 650 3372 adhoc
670 3304 842 3395 magistro
864 3327 924 3374 suo
947 3305 1008 3375 vel
1023 3331 1114 3377 rec-¹

59 3421 130 3490 tori
154 3419 263 3492 faciat
287 3423 420 3523 fidene
446 3427 588 3494 Pastum
618 3433 734 3496 autem
760 3426 914 3494 'Parisiis
947 3432 984 3495 et
1009 3425 1112 3496 alibi'
1191 3434 1195 3445 '

59 3550 261 3610 consuetum
288 3545 366 3614 dari
392 3547 615 3615 moderamur
651 3546 688 3613 in
718 3544 809 3613 huno
840 3545 1016 3621 modum:
1053 3522 1119 3617 de·

60 3661 309 3754 metaphysica
328 3669 353 3741 8
373 3688 515 3758 grossos
533 3690 599 3760 per
620 3667 689 3738 tria
708 3665 883 3755 quartalia
904 3668 1096 3737 terminan-

61 3781 126 3871 da,
151 3784 195 3853 de
214 3785 444 3879 physicorum
462 3791 669 3861 tantundem
689 3814 757 3886 per
774 3788 991 3860 tantundem.
1072 3794 1079 3801 '

99 4154 137 4234 θ)
170 4166 262 4232 idern,
282 4183 317 4227 oc
336 4165 361 4224 si
381 4162 522 4223 minervai
539 4166 660 4224 diceres·
