2700 4732
1116 208 1117 211 ,
1143 207 1149 221 'v
1226 217 1230 236 x

1085 246 1149 332 m

91 454 197 526 rubus
225 450 409 526 facultatis
441 451 491 524 10
521 457 661 546 moesos
689 450 798 522 ‘albos
829 453 943 546 dabit,
970 462 1154 559 magistro¹

96 577 373 648 determinatori
401 598 463 645 ruo
488 598 556 669 pro
578 571 703 642 labore
730 572 779 644 58
798 571 1046 668 ¹gross.·ulbos,
1073 602 1146 654 ser.
1248 599 1251 605 ·

95 698 148 775 ro'
180 700 362 774 facultatis
402 701 597 791 ssgrossos
634 695 845 788 Pragenses.
905 703 958 772 At
986 705 1146 799 roganti

97 825 217 920 gratia
247 848 321 895 non
352 822 558 915 denegatur.
630 817 726 888 Item
760 819 857 912 quod
892 823 1054 896 visitabit
1085 803 1145 902 ao?
1230 822 1255 855 ⁸

97 958 154 1016 tus
196 947 373 1019 solemnes
409 952 445 1013 et
482 943 745 1037 disputationes
776 943 1022 1036 magistrorum
1058 932 1146 1022 Pro}

100 1093 169 1164 gae
200 1069 375 1151 existens,
414 1067 529 1137 tribus
562 1057 682 1136 autem'
717 1065 1013 1160 disputationibus
1046 1048 1145 1144 ordiss

100 1182 205 1262 neiis
236 1188 414 1284 neglectis
450 1191 474 1260 3
507 1211 647 1280 grossos
683 1187 785 1259 albos
818 1187 982 1261 facultati
1024 1193 1143 1270 dabit,
1208 1260 1216 1283 ,

101 1313 220 1383 Etiam
259 1314 370 1380 debet
398 1310 518 1381 audire
552 1310 707 1400 aliquem
732 1309 942 1402 magistrum
961 1309 1144 1385 ordinarie

103 1432 280 1527 legentem
306 1432 427 1502 saltim
450 1438 509 1500 ter
531 1430 570 1498 in
590 1416 803 1523 septimana,
854 1428 948 1498 Item
967 1435 1143 1519 quaestio-

103 1576 163 1624 uer
180 1541 398 1648 ainagistris
429 1554 551 1647 capiat
581 1553 645 1620 sub
670 1574 788 1646 poena
820 1553 1068 1644 &grossorum
1088 1554 1144 1624 al-

103 1677 234 1766 borum,
259 1677 358 1748 utin
388 1660 520 1743 statuto
553 1674 833 1747 baccalariorum
860 1683 897 1743 et
927 1674 1143 1746 studentium

109 1796 259 1883 habetur,
310 1799 404 1867 Item
424 1798 461 1866 in
478 1782 761 1897 Quadragesima
780 1804 840 1866 aut
856 1796 980 1870 (liebus
1000 1802 1143 1871 canicu-

111 1917 238 2003 laribus,
258 1929 298 1989 ut
327 1920 505 2003 dicuntur,
521 1919 648 1989 ordine
664 1919 782 2011 ipsum
801 1919 1014 2012 attingente,
1034 1943 1142 1994 unuin

113 2044 337 2130 questionem
367 2051 403 2109 et
429 2065 535 2111 unum
558 2040 741 2133 sophisma
772 2042 943 2135 disputet.
989 2042 1085 2112 Item
1110 2044 1140 2113 i·
1245 2059 1248 2063 ’

116 2174 191 2236 rtnn
211 2156 359 2261 gradum
389 2166 427 2234 in
459 2164 558 2234 nulla
586 2164 656 2234 alia
673 2164 1140 2265 universitatereassumere

117 2285 237 2362 amat,
290 2287 385 2355 Item
413 2285 543 2353 bonurn
566 2282 802 2353 miversitatis
822 2291 859 2349 et
879 2281 1059 2351 facultatis
1083 2307 1140 2353 ar·
1242 2281 1245 2289 ’

119 2403 191 2472 tium
211 2406 430 2501 procurabit,
446 2404 492 2472 ad
516 2426 771 2493 quemcumque
784 2410 916 2472 statum
936 2403 1141 2481 devenerit.
1260 2411 1268 2432 ⁸

118 2519 156 2592 Et
170 2526 250 2598 haec
281 2529 348 2598 duo
370 2527 497 2596 ultima
522 2534 653 2595 statuta
679 2525 846 2616 obligant
868 2524 915 2594 ad
931 2527 1137 2619 perjurium,

119 2651 146 2710 et
162 2648 232 2719 ideo
260 2650 395 2719 debent
427 2648 577 2720 cuilibet
604 2647 801 2742 publicari.
843 2644 913 2722 tol.
943 2646 1005 2724 16.
1032 2641 1137 2742 (pag.

118 2765 163 2842 49.
182 2777 275 2869 sqq),
404 2887 410 2893 ·

416 2954 474 3037 De
500 2956 805 3042 determinatione.

58 3140 61 3188 t
189 3123 369 3218 Magister
396 3126 506 3197 debet
539 3148 744 3221 proponere
777 3121 1053 3201 baccalariando
1080 3148 1135 3196 se·

58 3226 192 3311 denti
208 3270 284 3315 canu
296 3248 377 3316 aliis
391 3246 615 3324 scholaribus
633 3270 743 3315 unum
763 3246 956 3341 sophisma,
969 3249 1016 3318 ad
1037 3247 1134 3341 quod

107 3365 174 3428 tum
191 3389 355 3460 responsa
385 3368 543 3451 dederit,
573 3391 645 3437 uon
675 3367 770 3437 ultra
790 3368 961 3461 magister
988 3369 1027 3442 in
1055 3391 1134 3439 eum

105 3463 302 3575 disputabit.
355 3490 521 3561 Tandem
544 3491 661 3584 pallio
683 3491 964 3562 baccalariorum
981 3490 1133 3572 indutus,

96 3585 232 3679 libente
267 3635 370 3681 servo
397 3612 600 3700 facultatis,
634 3615 760 3685 sedem
791 3614 1070 3684 baccalariorum
1095 3637 1134 3682 a·

95 3725 251 3820 mordet,
281 3735 342 3802 ubi
363 3735 605 3822 quaestionem
635 3759 657 3804 a
681 3735 855 3830 magistro
874 3735 945 3805 sibi
968 3736 1132 3831 proposi·

93 3834 165 3916 ιῑῐιι
191 3853 339 3924 honeste
362 3855 633 3933 determinabit.
658 3859 708 3926 Et
728 3868 917 3949 antequam
934 3858 1039 3931 titulo
1066 3860 1133 3929 do·

91 3965 227 4046 ”ebion
238 4000 305 4070 per
322 3976 680 4078 pedellummonitas
698 3977 835 4068 jurabit
856 4000 894 4050 re
914 3986 1038 4050 tenere
1055 3977 1130 4048 uel-
