2714 4740
243 445 332 515 darn
356 433 404 506 de
427 414 586 513 ¹ercaco,
599 382 827 504 ,baccalrriur
860 415 1106 518 Erfordensis,
1122 434 1300 521 receptur

214 532 217 537 Ι
243 548 306 636 est
318 557 364 632 ad
392 552 598 625 facultatem
621 545 749 614 artium
768 541 956 613 secundum
976 541 1132 617 formam
1146 549 1297 645 ¹atttriti,

247 698 286 759 et
306 678 409 756 dedit
423 678 566 744 bursam
583 665 748 738 facultati
771 666 823 738 20
841 682 1057 756 grossorum.

218 798 220 803 ’
343 803 437 872 Item
468 800 530 869 22.
565 792 625 860 die
661 791 790 857 mensis
817 789 978 874 ejusdem
1012 810 1106 883 mag.
1139 789 1301 883 «loannes

249 932 384 1006 Artsen
417 915 575 988 obtinuit
606 913 906 1003 dispensationem
937 909 1077 979 biennii
1106 913 1301 985 secundnm

248 1051 404 1122 formam
426 1039 550 1110 statuti
572 1056 640 1128 pro
657 1053 755 1122 mag.
780 1028 942 1103 Henrico
962 1031 1007 1099 de
1032 1030 1232 1124 Popardia.

348 1164 442 1233 ltem
462 1156 588 1227 eodem
612 1151 671 1220 die
696 1172 796 1242 mag.
817 1148 968 1219 Ducbko
1000 1150 1051 1245 de
1078 1151 1210 1225 Hoslra
1239 1154 1301 1233 ab.

252 1286 358 1361 tinuit
378 1282 589 1354 dilationem
616 1271 925 1348 determinationis
945 1295 1016 1367 pro
1037 1270 1240 1368 Czayclran
1259 1274 1303 1345 de

253 1401 423 1502 Hradag.

254 1584 400 1746 Anno,
419 1676 492 1746 quo
516 1658 633 1745 supra,
657 1650 806 1720 sabbato
838 1648 1036 1721 inmediate
1061 1652 1303 1746 praecedente

254 1785 385 1856 festum
424 1796 459 1846 r:
480 1774 631 1845 Joannis
661 1775 861 1866 Baptistae,
889 1774 967 1843 scil.
988 1774 1054 1847 251
1080 1775 1140 1843 die
1161 1776 1297 1845 mensis

255 1904 368 1986 Junii,
387 1898 483 1966 lacta
502 1894 777 1985 congregatione
791 1895 973 1963 facultatis
991 1895 1051 1965 rub
1068 1892 1138 1963 bac
1158 1891 1302 1975 format

257 2023 434 2113 Magister
454 2012 671 2089 reverende!
698 2015 775 2083 sitis
802 2015 913 2085 hodic
947 2016 1038 2088 hora
1068 2017 1128 2089 17.
1148 2020 1188 2089 in
1219 2040 1301 2087 cun·

255 2142 466 2242 gregatione
479 2136 660 2207 facultatis
675 2135 721 2204 ad
744 2137 948 2228 eligendum
968 2137 1232 2232 disputaturum
1256 2142 1300 2212 de

257 2266 421 2359 quolibet
437 2256 629 2332 secundum
648 2257 797 2328 formam
817 2261 940 2329 statuti
963 2285 1057 2333 anno
1078 2284 1147 2354 pro
1172 2263 1302 2350 futuro,

260 2386 325 2456 sub
350 2406 468 2480 poena
485 2382 519 2454 4
551 2401 759 2473 grossorum,
787 2388 826 2448 ct
850 2405 921 2450 non
950 2384 1242 2477 contradicendi3
1268 2390 1304 2455 in

260 2530 332 2599 qua
358 2505 503 2595 quidem
524 2502 802 2595 congregatione
832 2506 966 2574 electus
985 2503 1058 2573 fuit
1085 2505 1303 2580 honorabilis

261 2630 329 2714 uir,
359 2647 454 2717 mag.
478 2625 654 2692 Henricus
685 2625 729 2693 de
752 2648 780 2699 s.
807 2626 930 2712 Gallo,
950 2626 1142 2698 secundum
1164 2631 1302 2701 modum

262 2747 303 2816 in
324 2750 453 2814 statuto
471 2739 624 2833 desuper
644 2742 740 2813 facto
762 2766 974 2837 expressum,
1000 2747 1059 2816 cui
1080 2770 1144 2819 sua
1173 2749 1303 2819 electio

262 2868 331 2939 fuit
356 2867 530 2935 insinuata
562 2866 686 2935 eodem
711 2868 770 2936 dic
794 2873 915 2937 statim
944 2891 1012 2962 per
1030 2872 1228 2963 magistron
1247 2870 1304 2941 de·

262 2998 408 3085 putatos
433 3011 453 3055 a
472 2987 655 3071 facultate,
677 2990 757 3068 scil.
782 2991 1126 3082 machrzibisslaua
1151 3004 1191 3063 et
1213 3018 1304 3089 mag.

262 3115 418 3185 loannes
450 3111 658 3195 Altnawer,
690 3111 750 3200 qui
771 3112 1028 3182 deliberatione
1049 3125 1204 3209 accepta
1225 3128 1304 3187 ante

260 3254 422 3306 occasum
442 3231 526 3299 solis
545 3254 615 3300 non
631 3234 854 3324 acceptavit,
871 3233 934 3305 sed
960 3235 1147 3323 decanum,
1167 3246 1210 3309 ut
1236 3238 1303 3311 ribi

261 3355 398 3425 faceret
423 3355 749 3445 congregationem,
770 3361 966 3448 requisivit,
995 3360 1033 3428 in
1065 3381 1134 3451 qua
1165 3382 1307 3431 exenta·

261 3479 409 3559 tionem,
434 3480 473 3542 ut
496 3473 669 3557 crederet,
685 3476 811 3559 ,vellet
829 3481 1012 3573 assignare
1037 3479 1307 3567 rationabilem,

263 3620 332 3691 qua
356 3594 502 3693 quidem
541 3602 820 3689 congregatione
860 3600 956 3672 facta
987 3598 1051 3676 25.
1086 3600 1148 3671 dia
1176 3606 1319 3675 intrusit¹

265 3715 422 3808 ejrudem
447 3717 627 3795 excusatio
661 3718 836 3811 praedicti
864 3721 959 3811 mgri
985 3745 1057 3819 non
1080 3720 1155 3789 fuit
1175 3728 1309 3819 appra-

264 3842 363 3911 bata·
412 3836 503 3909 ldae
521 3836 674 3908 deornm
697 3852 860 3934 protunc
878 3863 1000 3913 coram
1023 3852 1101 3913 tota
1124 3828 1313 3933 facultate,

265 3963 385 4080 eidem
409 3960 692 4081 ¹disputationem
723 3963 770 4034 de
793 3965 956 4059 qrrolibct
976 3964 1156 4057 injunxit,
1183 3970 1314 4109 '‘i-¹⁸
