2714 4740
103 286 215 362 Bubr.
237 286 300 359 111.
377 237 384 256 x
1072 292 1115 362 dt

60 496 120 558 est
137 486 211 556 hoo
229 488 451 556 observatmn
472 483 583 581 (sir);
611 486 640 554 si
660 505 744 558 vero
763 512 856 574 uon,
901 492 1114 570 dimittatur.

59 612 221 704 Insuper
247 613 285 681 in
304 611 377 681 alio
398 608 553 679 concilio
572 606 643 676 fuit
667 614 847 694 statutum,
875 614 966 703 quod
985 616 1031 684 de
1055 643 1138 688 00„

60 743 149 804 tero
174 734 372 823 quicunque
396 739 512 800 esseut
531 730 620 801 alibi
642 730 810 823 graduali
841 736 956 826 gradu
988 740 1114 811 bacca·

60 856 216 925 lariatus
247 855 285 925 in
314 855 466 936 artibus,
493 863 681 945 postquam
718 861 832 923 essent
852 863 1022 954 assumpti
1046 888 1113 956 per

63 979 283 1070 magistros,
310 976 483 1044 deberent
513 975 599 1044 dare
619 977 669 1047 20
698 998 861 1068 grossos,
891 991 999 1074 prout
1029 983 1117 1054 daut

63 1098 268 1169 baccalarii
297 1096 399 1183 hujus
431 1096 680 1167 universitatis.
744 1096 836 1166 Item
859 1099 896 1167 in
925 1101 998 1169 alia
1034 1127 1117 1195 con.

63 1219 285 1314 gregatione
304 1216 373 1285 fuit
392 1216 613 1299 conclusum,
640 1216 782 1307 quodsi
804 1220 931 1308 aliquis
952 1221 1118 1291 baccala-

62 1342 137 1414 riru
157 1340 307 1408 alterius
331 1336 567 1407 universitatis
595 1338 814 1430 reciperetur
834 1339 884 1415 ad
903 1322 1118 1412 facultatem

63 1486 109 1532 eo
130 1470 323 1553 tempore,
349 1483 419 1549 quo
445 1459 558 1549 aliqui
594 1459 765 1528 essentia
799 1461 958 1530 examine
990 1463 1117 1537 baccu-
1156 1446 1159 1452 ⁵

64 1582 335 1664 latitudorum,
371 1561 520 1661 deberet
550 1581 646 1669 sequi
673 1603 796 1648 omnes
824 1582 934 1683 illos,
962 1586 1024 1674 qui
1051 1575 1119 1683 pro

63 1716 151 1778 tunc
174 1705 224 1775 de
246 1705 410 1774 examine
435 1705 480 1774 ad
499 1707 648 1799 gradum
667 1706 959 1790 admitterentur.
990 1709 1030 1810 *)

577 1854 617 1928 2.

335 1998 394 2077 De
422 2002 611 2104 magistris
636 1999 879 2119 recitienffrsg

175 2150 274 2220 Item
310 2173 356 2220 ex
396 2152 550 2224 unanimi
591 2174 762 2222 consensu
794 2153 1045 2244 magistrorum
1075 2156 1123 2225 dc

65 2274 231 2344 concilio
262 2273 443 2345 facultatis
468 2274 596 2344 artium
629 2273 698 2342 fuit
726 2275 928 2347 conclusum
956 2284 993 2344 et
1015 2286 1123 2349 statu·

66 2413 170 2482 tum,
202 2396 296 2486 quod
318 2395 462 2487 cupiens
488 2394 602 2488 recipi
626 2394 671 2463 ad
695 2398 909 2466 consortium
935 2399 1123 2491 magistro·
1238 2390 1241 2400 ⁴

64 2546 145 2593 rum
174 2519 356 2588 facultatis
378 2518 507 2586 artium
539 2525 622 2610 post
655 2518 937 2588 intitulationem
969 2522 1018 2589 ad
1049 2524 1125 2592 uui-

68 2642 285 2714 versitatem
323 2649 425 2733 petat
460 2639 634 2708 decanum
671 2640 850 2713 facultatis
878 2645 1030 2731 artium,
1077 2657 1116 2719 ut

65 2788 180 2859 super
203 2773 359 2835 tractatu
386 2764 433 2832 de
469 2764 676 2856 receptione
706 2788 765 2833 sua
787 2765 896 2834 faciat
924 2792 1121 2862 congrega·

63 2893 233 2972 tionem,
267 2888 305 2954 iu
334 2911 399 2976 qua
434 2885 564 2954 doceat
601 2885 647 2954 de
678 2888 884 2980 magisterio
911 2891 948 2959 in
977 2900 1124 2984 >septem
1219 2976 1221 2981 Ι

63 3016 235 3096 artibus,
264 3022 301 3081 et
320 3020 527 3105 praesentet
548 3011 685 3081 ibidem
710 3013 747 3081 in
774 3015 909 3108 scripto
945 3039 1013 3108 per
1040 3039 1123 3086 cou-

61 3135 268 3210 scientiam
292 3157 387 3202 suam
410 3136 543 3218 libros,
569 3157 654 3223 quos
686 3135 823 3204 audivit
849 3136 908 3205 vel
935 3138 1049 3230 legit,
1088 3147 1125 3209 et
1240 3159 1246 3176 ⁸

9 3318 11 3353 ,
60 3262 106 3329 iu
129 3256 209 3326 illa
227 3258 518 3347 congregatione,
539 3257 635 3324 lecto
658 3255 726 3324 sibi
756 3262 897 3340 statuto,
923 3259 1148 3354 injungatur¹

58 3380 122 3462 ei,
154 3374 262 3466 quod
291 3377 509 3469 respondeat
540 3376 586 3444 ad
615 3399 717 3444 unam
747 3378 986 3465 quaestionem
1012 3385 1126 3479 magi.

57 3516 169 3581 stro,
200 3521 307 3588 quem
338 3497 487 3568 facultas
516 3499 586 3566 sibi
615 3500 735 3566 statim
763 3499 952 3592 deputabit
976 3503 1023 3571 de
1045 3515 1128 3578 actu

54 3622 307 3719 regentibus,
335 3621 372 3690 iu
392 3623 511 3711 aliquo
534 3621 592 3690 die
614 3620 766 3706 festivo,
783 3622 887 3694 'infra
908 3624 1032 3695 decem
1049 3625 1128 3694 (lies

57 3754 266 3844 sequentes
291 3752 373 3838 post
402 3743 612 3836 prandium,
638 3745 690 3814 iu
723 3769 790 3838 qua
826 3746 990 3839 magistri
1025 3758 1126 3824 eruut

63 3880 311 3975 praesentes,
347 3865 380 3938 8ο
410 3878 577 3960 arguent,
621 3869 680 3960 qui
710 3880 882 3962 possuut5
920 3869 1008 3940 item
1032 3867 1128 3944 iufra

71 4047 384 4075 ,,,,....-....

8 4210 13 4235 ι
108 4140 148 4210 *)
169 4144 270 4200 serius
289 4135 434 4192 additum}
455 4131 507 4197 tol.
526 4138 571 4192 3³.

8 4282 15 4319 i

8 4328 13 4359 ι
113 4334 119 4345 .
