2700 4732
90 284 262 383 snex.
386 259 395 271 ”
560 269 596 443 ,’
704 320 706 323 ·
1030 302 1104 380 'tot

47 528 180 624 sophia
201 512 332 598 morali
352 523 388 591 e't
411 508 564 607 naturali
587 521 633 590 de
664 543 814 614 vespere
837 522 971 594 duabus
990 502 1106 607 lrorin·
1176 596 1178 600 ,

50 654 91 720 in
106 657 241 729 aestate
261 650 321 719 20.
349 653 386 713 et
409 645 484 726 21„
508 652 544 711 ot
562 647 600 712 in
617 642 752 735 hyeme
766 649 831 716 22.
851 653 888 712 et
910 646 972 719 23.
997 647 1100 715 inlo-

52 751 277 865 gicaautem
294 777 377 837 ante
399 767 587 858 prandium
602 767 713 836 solum
724 789 792 836 una
809 764 911 851 hora,
929 768 967 836 in
989 778 1101 842 aesta·

54 906 91 962 te
116 894 189 974 10.,
206 914 293 980 quae
311 890 430 982 prima
452 887 525 956 diei
546 897 743 981 reputatur,
770 898 806 957 et
827 892 864 958 in
888 888 1022 979 hyeme
1037 891 1124 970 14..

60 1013 230 1084 exercitia
250 1019 457 1092 teneantur3
483 1018 520 1076 et
544 1008 638 1098 quod
659 1007 758 1077 horis
774 1033 842 1102 pro
864 1011 1044 1078 exercitiis
1058 1014 1096 1083 in

61 1133 251 1229 sophistria
271 1125 461 1223 deputatis,
490 1132 610 1221 quibus
633 1130 811 1222 magister,
838 1134 896 1202 cui
919 1135 956 1201 in
978 1134 1102 1229 sophi·

62 1257 145 1327 stria
166 1257 351 1347 disputare
374 1275 444 1322 non
464 1252 596 1346 placet,
625 1255 792 1324 materias
812 1254 965 1325 aliorum¹
989 1258 1102 1329 libross

64 1391 140 1460 nrm
154 1387 237 1470 puta
257 1377 303 1444 de
317 1377 431 1456 coelo,
443 1376 489 1443 de
507 1375 750 1466 generatione,
768 1385 861 1444 meta
866 1349 1054 1470 physicae,
1065 1390 1102 1450 et

65 1524 240 1596 parvorron
258 1501 469 1570 naturalium
484 1498 551 1577 Suc.
566 1500 745 1591 disputare
769 1504 893 1593 possit,
907 1528 975 1572 nec
992 1504 1102 1574 alicui

65 1627 305 1718 magistrorum
325 1624 399 1690 illis
420 1622 519 1691 horis
540 1623 663 1714 legere
688 1622 811 1705 liceat,
837 1648 950 1714 neque
972 1627 1123 1714 aliquis

68 1754 161 1813 extra
177 1744 260 1814 illas
282 1745 318 1811 in
334 1743 516 1811 exercitiis
538 1743 721 1834 disputare
739 1754 953 1836 praesumat,
969 1747 1102 1816 nullus·

67 1885 126 1953 que
140 1864 245 1958 plura
266 1864 438 1933 exercitia
459 1863 497 1931 in
516 1862 576 1931 die
595 1870 715 1930 teneat
737 1863 805 1932 nisi
828 1866 913 1939 duo.
935 1890 938 1899 ¹

501 2077 506 2085 -
559 2027 597 2098 2.

288 2171 355 2261 'De
379 2183 552 2258 conviviis
575 2179 849 2265 licentiatorum.

164 2351 255 2419 Item
274 2351 313 2418 in
337 2350 462 2417 eadem
486 2351 766 2441 congregatione
797 2349 1002 2421 conclusum
1025 2350 1103 2433 fuit,

59 2471 158 2566 quod
176 2473 322 2565 singulis
345 2473 445 2540 annis
463 2495 530 2566 per
554 2470 756 2539 licentiatos
772 2472 810 2540 in
833 2472 967 2540 artibus
989 2472 1025 2540 in
1044 2475 1104 2542 die

58 2593 419 2664 recommendationis
445 2616 566 2663 eorum
595 2592 798 2661 convivium
824 2591 996 2661 hactenus
1019 2594 1105 2681 fieri

55 2723 258 2785 consuetum
295 2713 341 2780 de
370 2720 489 2782 cetero
528 2704 809 2805 pro,mogistris
852 2715 1024 2783 duntaxat
1057 2717 1105 2783 sit

56 2833 272 2916 habendum,
298 2810 525 2904 conclusione
547 2857 625 2903 cum
648 2835 718 2904 suis
742 2834 886 2903 motivis
916 2835 962 2903 de
987 2859 1107 2928 oppo-

56 2959 132 3027 sito
154 2956 189 3023 iu
207 2957 380 3027 decanatu
399 2979 497 3049 mag.
519 2954 685 3026 Mathiae
705 2954 750 3024 de
766 2955 922 3048 Legnitz
942 2958 1106 3029 conclusa

52 3103 131 3152 uon
158 3081 337 3159 obstante.

565 3237 605 3315 s.

292 3377 352 3457 De
378 3375 614 3483 disputatione
640 3375 682 3452 de
706 3369 871 3484 quolibet.
909 3344 913 3351 δ

160 3531 253 3601 Item
273 3529 310 3596 in
333 3528 507 3597 decanatu
531 3552 628 3621 mag.
655 3527 786 3600 Jacobi
807 3527 852 3596 de
873 3525 1109 3620 Bortineteyn

54 3658 125 3730 die
149 3656 185 3726 3.
210 3652 342 3719 mensis
366 3650 552 3719 Februarii
575 3650 739 3744 magistri
760 3652 798 3716 in
818 3649 930 3741 plena
959 3673 1110 3742 congre·

56 3775 212 3872 ‘atione
234 3771 416 3839 facultatis
448 3771 734 3851 considerantes,
767 3769 862 3859 quod
889 3773 991 3858 juxta
1021 3771 1113 3841 anti·

63 3920 179 3991 quum
198 3906 368 3966 statutum
391 3893 640 3986 disputationis
658 3893 703 3960 de
727 3891 893 3980 quolibet
912 3892 1114 3984 ‘disputatio

648 4013 671 4082 ⁸
