2714 4740
88 227 292 299 nune-vn
325 285 329 294 r
1072 234 1116 299 ot

38 423 168 495 nestis
195 421 348 490 obedire
381 429 417 488 et
441 443 579 488 servare
606 429 737 488 statuta
766 430 803 488 et
834 424 1033 511 statuenda,
1063 425 1113 491 sic

38 571 108 623 me
134 548 243 617 Deus
260 544 413 630 adjuvet
438 566 499 612 suo
520 542 651 634 spiritu
672 541 723 632 *).
773 621 780 639 .

164 652 169 660 .
564 683 621 755 4⁶¹
675 711 679 725 .
856 769 866 798 ἱ

252 821 402 929 Quando
428 817 510 899 beet
534 840 677 901 statute
702 821 824 903 delent
848 824 932 933 legi.
1043 815 1044 820 ¹

154 975 255 1044 Item
278 977 315 1042 iu
340 974 450 1067 plena
468 975 746 1065 congregatione
761 975 949 1044 facultatis
968 980 1033 1056 23.
1056 979 1115 1047 die
1141 953 1167 981 ⁷

44 1097 209 1190 Aprilis
239 1097 441 1168 conclusum
470 1096 548 1178 fuit,
573 1096 666 1184 quod
694 1099 790 1189 omni
823 1122 915 1168 anno
940 1102 1050 1167 semel
1080 1101 1118 1170 in

46 1213 192 1288 diebus
218 1219 441 1287 vacationum
462 1216 538 1308 legi
566 1215 723 1284 debeant
746 1226 876 1286 statuta
903 1220 941 1288 in
968 1213 1116 1312 congre·

47 1340 216 1429 gatioue
243 1339 503 1430 magistrorum,
525 1360 611 1424 quae
640 1338 751 1405 debet
781 1338 865 1406 lieri
893 1340 969 1407 sine
1003 1361 1119 1444 poena
1226 1394 1232 1405 .

51 1469 226 1555 propter
244 1462 431 1552 magistros
454 1466 583 1529 statuta
603 1458 820 1549 ignorantes,

581 1595 615 1673 5.

58 1739 182 1851 Quod
202 1713 347 1857 ttetuta
369 1738 568 1843 specialiter
592 1757 755 1845 regentes
781 1727 1034 1819 ¹concernentia
1071 1740 1120 1820 eb

57 1859 230 1943 omnibus
255 1860 488 1941 existentibus
514 1868 551 1942 in
576 1859 864 1941 conciliodebent
877 1871 1119 1968 pertractari.

166 2011 262 2084 Item
281 1995 318 2082 in
340 2014 450 2106 plena
474 2015 756 2104 congregatione
769 2014 958 2083 'facultatis
989 2017 1117 2084 artium

63 2147 104 2204 et
130 2135 171 2204 iu
190 2137 361 2234 decanatu
383 2158 481 2226 meg.
502 2135 686 2202 Wasmodi
711 2135 756 2201 de
769 2134 957 2226 Hornberg
977 2138 1128 2205 conclu·¹

64 2282 145 2327 sum
163 2268 250 2343 erat,
268 2259 407 2348 quodsi
428 2258 549 2345 eliqua
572 2264 686 2323 essent
717 2241 851 2324 statuta
866 2266 1035 2348 regentes
1066 2280 1121 2326 so·

65 2381 126 2448 los
163 2383 435 2464 concernentia,
477 2380 571 2468 quod
602 2379 668 2445 illa
696 2379 849 2479 debeant
884 2381 929 2448 ab
961 2360 1123 2448 omnibus

70 2504 307 2573 existentibus
340 2506 377 2571 in
412 2504 565 2573 concilio
597 2501 753 2593 amplius
785 2504 1025 2595 pertractari3
1052 2501 1123 2573 hoo

69 2635 196 2692 tamen
222 2627 421 2699 conclusum
448 2638 524 2694 erat
545 2648 624 2693 cum
646 2627 924 2716 protestatione,
952 2628 1032 2716 quia
1057 2628 1123 2696 ali-

70 2748 137 2834 qui
163 2749 329 2837 magistri
349 2749 658 2836 contradixerunt3
686 2750 723 2816 in
747 2773 813 2836 qua
844 2751 1123 2840 congregatione

70 2873 284 2964 praedictus
306 2875 477 2969 magister
505 2896 572 2964 pto
599 2882 686 2938 tunc
716 2872 869 2940 decanus
897 2873 1123 2963 protestaba-
1162 2875 1163 2879 ’

71 3006 134 3061 tur
157 3017 278 3062 coram
302 2995 474 3076 omnbus,
498 2993 591 3081 quod
613 2993 723 3061 talem
743 2994 1005 3062 conclusionem
1029 2988 1146 3056 face-¹

72 3125 155 3200 ret,
185 3114 268 3203 quia
299 3140 366 3207 per
392 3119 565 3202 majorem
588 3125 729 3206 partem
755 3123 831 3182 erat
860 3115 1126 3200 decretu1n‚et

72 3240 174 3329 quod
199 3262 266 3330 per
284 3237 351 3306 hoc
374 3239 491 3305 nollet
515 3238 553 3330 in
574 3239 694 3327 aliquo
715 3237 899 3328 regentiae
922 3236 1123 3327 derogare3
1158 3296 1168 3312 ,

72 3359 140 3426 sed
173 3358 271 3448 quod
306 3361 416 3426 talem
448 3359 713 3427 conclusionem
744 3356 974 3429 concluderet
1005 3377 1124 3424 secun-

73 3483 165 3553 dum
190 3481 479 3549 consuetudinem
499 3480 681 3548 facultatis
703 3482 798 3572 prius
821 3480 1124 3562 observatan1‚sc·

72 3601 239 3672 cundum
261 3623 363 3689 quam
375 3603 564 3684 secuudum
584 3602 831 3694 pluralitatem
847 3621 968 3670 vocum
986 3620 1126 3691 semper

71 3722 372 3804 concludebatur.
599 3731 600 3734 ’

72 3864 372 3889 ,,......,...-

115 3923 151 4004 ³¹³)
177 3933 259 3986 Suo
289 3930 458 4000 spiritu,
479 3929 569 3982 serius
589 3925 719 3980 additum
739 3944 811 3996 pro:
832 3936 869 3978 et
900 3921 1129 3974 sanotanei

157 4026 393 4105 evangelie,
415 4031 491 4104 qnod
512 4023 640 4082 deletum
659 4034 711 4083 est.
