2700 4732
241 262 284 330 74
1071 247 1176 322 liubi.
1195 247 1237 319 V.

244 453 352 522 modo
382 450 538 519 debeant
566 440 766 514 continuari
804 439 927 512 diebus
962 440 1122 526 festivis,
1156 443 1296 512 sivein

245 575 369 642 diebus
402 594 472 640 non
501 566 712 660 legibilibus
743 563 780 630 in
807 563 1015 632 calendario
1048 565 1238 659 expressis,
1265 562 1296 636 b

245 694 285 762 hi
316 696 449 761 debent
480 713 547 784 per
584 686 762 755 bidellum
790 687 1019 778 proclamari.
1080 685 1176 754 Item
1203 685 1297 776 quod

162 790 165 796 Ι
246 839 311 884 nec
337 814 374 883 in
399 813 534 883 eisdem
561 807 686 875 diebus
716 805 832 898 possit
854 805 981 894 aliquis
1006 805 1153 899 publice
1176 806 1299 899 legere

245 947 330 1003 ante
360 932 573 1027 prandium3
602 925 633 998 8ι
660 927 688 994 si
713 926 789 1016 quis
814 935 896 1020 post
925 929 1117 1021 prandium
1143 927 1297 998 voluerit

245 1028 369 1149 legere
391 1056 428 1123 in
448 1054 571 1122 diebru
593 1047 729 1116 festivis
753 1048 790 1116 in
813 1050 962 1142 publico
987 1050 1151 1135 lectorio,
1177 1061 1299 1148 potest

246 1180 394 1268 quidem
420 1177 553 1264 absque
583 1178 706 1264 pastus
731 1171 960 1260 requisitione
985 1171 1109 1265 legere
1135 1171 1297 1269 &prop-

245 1309 301 1367 ter
330 1300 456 1367 Deum.
507 1294 602 1362 Item
627 1291 721 1381 quod
750 1293 1036 1384 pronuntiatores
1063 1297 1165 1365 nullo
1190 1297 1297 1367 modo

118 1443 120 1451 ⁸
248 1420 405 1488 debeant
425 1415 655 1510 pronuntiare
679 1414 716 1480 in
740 1413 864 1484 (liebus
888 1412 1038 1486 festivis.

739 1555 803 1634 12.
867 1577 870 1584 ’

257 1675 455 1784 Quodnisi
480 1671 569 1752 duae
593 1668 760 1752 lectiones
785 1670 856 1780 legi
881 1691 917 1753 et
942 1671 1062 1753 aunis·
1088 1670 1212 1757 debent
1228 1693 1298 1785 pro

699 1795 835 1896 forma.

344 1922 437 1991 Item
463 1922 499 1989 in
524 1897 701 1993 decanatu
732 1922 897 2013 magistri
924 1921 1068 1990 Nicolai
1098 1927 1144 1993 de
1167 1902 1300 1996 Lutlio·

249 2043 332 2114 misl
356 2045 394 2115 iu
428 2043 583 2113 concilio
606 2043 790 2109 facultatis
825 2041 1029 2113 conclusum
1058 2042 1126 2112 fuit
1155 2068 1300 2116 concor·

131 2213 134 2222 .
249 2166 343 2232 diter
370 2165 468 2235 nullo
491 2165 770 2249 contradicente,
789 2165 919 2258 primo,
943 2165 1035 2255 quod
1057 2166 1213 2257 quilibet
1229 2191 1299 2238 ma·

247 2285 438 2376 gistrorum
468 2290 505 2357 in
537 2285 686 2389 foturum
722 2286 822 2378 legat
856 2311 926 2358 non
958 2287 1078 2381 plures
1115 2288 1299 2372 lectiones,

250 2435 354 2504 quam
376 2411 459 2481 duas
489 2411 527 2480 in
561 2409 666 2480 libris
695 2411 942 2504 spectantibus
978 2410 1024 2478 ad
1049 2410 1200 2505 gradus,
1227 2424 1301 2486 tam

249 2546 414 2624 tempore
445 2530 608 2620 hyemis,
636 2553 740 2621 quam
770 2532 910 2603 aestatis
932 2534 970 2600 iu
1005 2530 1158 2603 diversis
1188 2534 1302 2618 libris,

255 2639 550 2724 &conformiter
582 2651 777 2725 studens&
807 2653 953 2724 audiens
986 2652 1161 2724 lectiones
1196 2681 1303 2757 supra

255 2776 426 2868 scriptas,
1277 2767 1279 2770 ⁵

366 2987 370 2997 .
746 2919 820 3013 13.)

260 3020 370 3152 Quod
398 3041 483 3125 libri
515 3045 683 3154 legantur
712 3063 782 3149 per
814 3065 973 3152 tenpore
1000 3047 1303 3133 determinatam

699 3174 866 3249 statutis.

349 3321 522 3404 Secundo,
548 3322 642 3412 quod
670 3324 773 3415 legat
795 3326 969 3396 lectiones
995 3348 1103 3413 usquc
1126 3325 1174 3396 ad
1194 3329 1303 3397 maxi·

254 3466 348 3538 mum
380 3455 522 3536 tempus
554 3448 748 3529 inclusive,
784 3448 879 3537 quod
913 3459 965 3515 est
998 3450 1212 3543 deputatum
1236 3475 1302 3546 pro

185 3630 205 3667 ο
255 3565 359 3636 libris
382 3565 517 3636 eisdem
542 3565 580 3634 iu
606 3567 741 3640 statutis
764 3566 944 3638 facultatis
963 3571 1087 3639 statim
1117 3571 1214 3644 iufra
1242 3595 1302 3644 uu·

100 3698 105 3706 “
168 3719 171 3725 ’
257 3688 357 3758 tatis.

748 3829 824 3906 140·

265 3941 375 4054 Quod
394 3940 468 4022 dies
491 3945 694 4050 inceptionis
719 3965 756 4027 et
771 3949 959 4047 finitionis
983 3942 1158 4029 librorum
1181 3943 1309 4029 debent

607 4068 737 4151 decano
762 4077 938 4154 intimari.

222 4231 223 4234 ¹
350 4194 528 4277 Tertium,
563 4199 657 4290 quod
691 4201 815 4298 legens
841 4203 985 4275 intimet
1012 4201 1130 4285 diem,
1163 4201 1201 4272 in
1235 4221 1302 4292 qua
