2714 4740
149 989 980 1185 ιΡιιιιιιιίο.

470 1313 756 1337 W
780 1308 783 1316 '

33 1543 315 1688 Universitatis
333 1619 508 1737 Pragenae
533 1613 682 1687 facultas
699 1582 942 1710 philosophica
966 1604 1013 1682 ad
1041 1615 1191 1682 conscri-
1300 1678 1302 1685 ,

39 1712 185 1788 bendum
210 1715 345 1791 ordinis
377 1723 433 1789 sui
481 1718 664 1790 historiam
697 1740 781 1789 cum
802 1722 879 1811 ipsa
903 1716 957 1783 rei
990 1704 1193 1784 necessitate

45 1829 215 1910 pernota,
239 1833 321 1892 tum
338 1821 389 1891 ab
413 1821 643 1911 inclytissimo
667 1823 768 1916 regni
796 1817 965 1914 gubernio
989 1823 1195 1910 provocata,
1295 1906 1298 1911 Ι

47 1929 83 1987 ut
106 1942 213 2016 opere
237 1926 306 1997 boc
332 1945 442 2044 quam
464 1927 599 2015 optime
615 1923 904 2018 perfungeretur.
928 1922 1119 2014 primum
1115 1938 1190 1988 om·

49 2025 136 2095 niun
158 2024 275 2096 fontes
301 2030 460 2118 aperire,
486 2034 593 2118 atque
617 2025 802 2096 literarum
825 2030 1074 2106 monumenta,
1100 2039 1194 2113 quae

53 2135 104 2192 aut
126 2125 192 2198 sibi
216 2139 358 2222 praesto
384 2135 521 2212 essent,
553 2130 649 2196 aut
638 2152 676 2198 m
700 2125 922 2227 bibliothecis
944 2121 1097 2218 publicis
1120 2123 1194 2214 pri-

56 2229 176 2300 vatisve
202 2233 351 2323 sparsim
376 2229 535 2314 laterent,
561 2223 739 2324 colligere
759 2232 829 2298 et
818 2251 857 2297 ιιι
882 2249 960 2297 rem
984 2247 1087 2296 suam
1111 2244 1194 2294 con·
1228 2226 1232 2231 '

57 2337 176 2401 vertere
202 2337 340 2403 statuit
444 2335 448 2345 '

149 2537 281 2606 Verum
304 2555 387 2603 cum
411 2543 448 2604 et
472 2527 614 2604 videret
648 2528 850 2623 complura,
848 2542 860 2557 “
876 2549 989 2621 eaque
1014 2518 1194 2623 praestan·

59 2633 121 2700 tis
112 2656 177 2705 una
207 2638 373 2706 historiae
408 2657 492 2705 suae
520 2630 730 2706 documenta
764 2632 809 2704 ob
841 2632 1024 2702 literarum
1048 2632 1211 2717 imolen-V

61 2736 152 2823 ιίιιιι,
188 2747 296 2832 atque
326 2737 412 2807 hinc
445 2732 530 2808 inde
559 2757 674 2831 prope
711 2741 961 2805 exstinctorum
984 2735 1200 2806 vetustatem

10 2864 15 2871 ·
64 2832 141 2907 lectu
165 2835 367 2911 difficiliora
402 2861 497 2924 esse,
530 2830 806 2930 timendumque
832 2858 930 2919 esse,
962 2844 1004 2905 ut
1027 2839 1199 2929 temporis

65 2957 209 3012 successu
231 2945 375 3036 penitus
413 2946 678 3039 exstinguantur
709 2946 747 3008 et
776 2943 999 3034 percantet
1026 2938 1200 3031 intellige·
1236 2963 1239 2971 ·

65 3049 129 3130 ret,
152 3066 274 3115 eorum
297 3042 475 3137 permulta
515 3065 586 3114 non
610 3035 657 3114 ad
681 3039 791 3111 solam
815 3040 1022 3112 facultatem
1045 3040 1199 3134 philoso-

68 3141 202 3234 pbicam,
227 3139 292 3216 sed
318 3139 364 3215 ad
376 3144 534 3239 reliquas
559 3149 678 3231 etiam,
702 3166 890 3237 quarum
882 3143 942 3212 illa
960 3149 1088 3212 matrix
1108 3161 1201 3212 sem·

68 3248 252 3336 perhabita
278 3256 342 3332 est,
366 3245 562 3334 facultates,
588 3254 696 3339 atquc
720 3251 769 3316 ita
793 3239 840 3314 ad
863 3236 983 3315 totam
1002 3243 1201 3315 studiorum

68 3339 243 3438 patriorum
281 3354 543 3419 universitatem
569 3353 777 3470 pertinere:
810 3355 886 3417 rata
913 3339 1036 3417 cadem
1071 3358 1200 3418 cetera-

70 3466 134 3521 run
150 3472 294 3547 quoque
319 3449 523 3522 facdtatum
541 3454 627 3522 viris
645 3447 816 3536 eruditis,
838 3446 927 3543 quin
952 3457 989 3518 et
1013 3450 1090 3520 aliis
1114 3447 1201 3519 anti·

71 3554 230 3640 quinum
247 3563 283 3624 et
307 3554 475 3623 historiae
503 3551 708 3639 emtoribus,
734 3575 885 3645 aeque
872 3575 912 3622 ac
936 3553 1003 3623 sibi
1028 3563 1123 3649 grata
1148 3570 1201 3618 es-

65 3671 103 3731 ,se
120 3649 241 3728 debere
267 3663 304 3725 et
326 3664 496 3753 accepta3
523 3665 702 3748 praeterea
719 3649 853 3744 adjuta,
870 3666 950 3724 tum
975 3663 1115 3727 aeterna
1129 3675 1201 3724 me»

74 3761 165 3827 moria
188 3754 387 3854 dignissimi
415 3762 560 3827 senioris
585 3762 640 3825 sui
668 3759 866 3827 Wenceslai
890 3751 1065 3850 Leopoldi
1090 3762 1127 3833 P.
1154 3759 1201 3826 Τ.

76 3860 228 3955 plincipis
244 3859 513 3954 archiepiscopi,
539 3864 600 3953 qui
628 3860 736 3928 fere
726 3884 763 3928 ιιι
796 3861 942 3933 articulo
967 3864 1110 3948 mortis,
1135 3866 1204 3927 ter·

74 3958 114 4026 tio
134 3972 208 4032 ante
224 3962 363 4035 obitum
382 3956 452 4048 die,
477 3957 734 4033 dedicationem
749 3968 839 4032 tomi
858 3965 968 4053 hujus
989 3961 1202 4037 benevolcn-
1275 3997 1280 4003 ·

75 4061 190 4137 litum
208 4069 376 4163 suscepit,
399 4073 478 4137 tum
497 4057 690 4138 honorandi
708 4061 881 4157 praesidis
904 4072 961 4139 sui
987 4077 1094 4160 atque
1120 4087 1153 4142 c.
1172 4088 1199 4132 ι.
