2714 4740
315 414 558 493 ltameoeiem
577 414 635 488 dic
654 414 761 486 eiecti
780 412 921 487 fucrant
941 424 1160 500 assessorem
1174 444 1268 517 mag.

39 566 42 573 ⁴
141 615 144 623 .
215 545 446 620 Barchardus
468 543 514 612 de
539 540 730 632 Balingen,
754 560 849 631 mag.
871 539 1041 612 Nicolaus
1062 542 1186 615 Stoer.

313 667 408 736 Item
435 667 721 760 dispensatores:
748 684 844 753 mag.
879 663 1074 763 Procopius
1105 665 1156 734 dc
1179 668 1262 738 xla.

219 788 322 874 drub,
340 812 435 881 mag.
448 790 574 859 Petrus
587 788 631 854 dc
642 787 846 878 Legcnycz,
870 806 964 877 mag.
987 788 1192 860 Leonardus
1209 784 1263 885 (de

91 904 93 911 ⁵
219 909 369 1015 Eystat)
396 933 491 1003 mag.
512 910 731 981 Hermannus
760 908 927 978 Hammo.

313 1034 429 1113 Anno,
457 1054 526 1120 quo
559 1052 676 1122 supra,
702 1030 799 1099 circa
822 1030 953 1100 festum
973 1034 1177 1104 nativitatis
1194 1038 1257 1109 Do·

217 1154 306 1227 mini
338 1128 567 1223 existentibus
608 1153 907 1226 examinatoribus
935 1156 1022 1245 ,ipso
1058 1174 1159 1249 mag,
1191 1158 1257 1229 Μῑ.

218 1274 347 1344 chaele
377 1274 423 1342 de
443 1273 661 1362 Malcnycz,
692 1294 760 1366 pro
787 1282 871 1343 tunc
889 1274 1037 1343 ¹decano
1071 1275 1257 1365 facultatis,

218 1394 400 1486 Gregorio
423 1392 588 1464 Thomas
609 1397 651 1462 dc
676 1396 803 1485 Praga,
830 1394 1031 1464 Timotheo
1051 1398 1098 1465 de
1117 1400 1256 1493 Merge.

216 1538 309 1599 now,
328 1514 486 1586 Aibcrto
510 1517 767 1608 Warentrappe
779 1565 789 1599 ,
812 1516 921 1584 Petro
951 1516 996 1583 de
1018 1518 1255 1607 Prcmslawia,

215 1630 262 1704 ad
275 1641 691 1730 gradumbaccaiariatus
716 1638 860 1706 assumti
881 1638 1021 1708 fuerunt
1034 1638 1128 1710 inira
1146 1645 1254 1737 scrip·

215 1759 267 1830 tiz
304 1760 486 1831 Conradus
508 1762 677 1844 Domini,
696 1759 863 1830 Michael
881 1759 1160 1854 Roghcndorp,
1187 1766 1252 1833 Pe·

212 1888 287 1951 trus
308 1882 353 1950 ‹le
372 1884 575 1975 Amborga,
609 1885 766 1953 ioannes
801 1884 847 1952 de
866 1882 996 1953 Stoncn
1021 1880 1083 1964 dd,
1116 1883 1249 1955 Petrus

210 2002 257 2071 dc
284 2001 525 2097 Strawbinga.

211 2150 346 2288 Anno
369 2201 515 2274 Domini
533 2199 647 2273 1406.
671 2201 844 2273 existente
873 2227 973 2299 mag.
994 2150 1186 2285 Michaele
1205 2217 1250 2295 d,

209 2326 409 2419 Maienycz
436 2324 569 2394 decano
599 2322 781 2393 facultatis
812 2328 942 2399 artium
972 2340 1009 2401 et
1032 2318 1249 2409 uicecauccl·

206 2451 324 2534 lario,
351 2461 389 2520 et
419 2453 718 2522 examinatoribus
743 2454 853 2546 mgris
887 2456 997 2527 Petro
1033 2456 1079 2549 (ic
1105 2461 1249 2554 Polycr,

209 2572 318 2642 Petro
341 2571 498 2656 Storch,
524 2577 665 2645 «Ioanne
700 2575 873 2661 Altnaur,
909 2587 945 2645 ct
977 2576 1245 2674 Heuingossol.

206 2690 392 2785 tenhagcn
419 2692 467 2761 ad
505 2695 656 2785 gradum
693 2697 888 2789 magisterii
922 2705 1068 2769 assumti
1107 2703 1240 2775 fueruat

202 2813 265 2885 isti
282 2833 294 2887 t
320 2814 685 2900 ConradusKrekow,
712 2819 876 2888 «Ioannes,
891 2817 938 2887 de
951 2819 1246 2919 Wuusohilburg,

203 2935 373 3014 Nicolaus
397 2939 442 3008 de
457 2940 614 3030 Zagano,
642 2939 806 3010 Nicolaus
826 2943 1106 3035 chylyczyn,
1132 2944 1242 3019 Geor·

201 3063 280 3154 gius
304 3063 440 3135 Melior
449 3114 460 3149 ,
488 3064 688 3135 sobieslaus
719 3064 763 3132 de
784 3065 970 3149 RoznoW,
1007 3067 1176 3141 'sidricus
1201 3072 1242 3141 de

204 3180 438 3273 ¹(riomcthow.
462 3185 523 3262 dd.

296 3309 414 3390 Auno,
428 3332 496 3399 quo
511 3330 628 3404 supra,
649 3309 687 3379 in
697 3318 845 3400 quatuor
860 3283 1085 3403 temporibus
1106 3309 1143 3380 in
1159 3315 1243 3401 Quo·

147 3484 172 3559 x
200 3430 403 3521 ,dragesima
414 3433 643 3506 existentibus
654 3433 947 3536 examinatoribus
960 3432 1073 3524 mgris
1087 3433 1246 3505 Michae-

201 3550 239 3623 lo
261 3552 308 3620 de
328 3554 534 3659 Malenycz,
552 3583 619 3651 pro
647 3567 732 3627 tuno
758 3559 889 3627 decano
915 3553 1123 3647 facultatis,
1149 3560 1245 3631 Joan.

136 3772 139 3778 a
200 3712 345 3801 Rzyst,
364 3707 515 3778 Nicolao
538 3691 1246 3800 Stoico,Lcouardochystat,et1ueioi·

198 3831 279 3926 ‘piro
293 3825 575 3927 (Meisterman)
590 3837 636 3904 ad
652 3835 804 3925 gradum
823 3829 1081 3901 baccalariatua
1103 3834 1243 3907 fueruat

203 3953 344 4026 assumti
367 3952 460 4024 infra
492 3957 643 4048 scriptis
681 3957 807 4023 Petrus
844 3953 891 4020 do
915 3948 1244 4050 Lytbomyorzycr,
