2700 4732
1064 270 1179 345 nubs..
1199 270 1257 341 11:

735 465 800 544 20.

353 610 465 720 Quod
483 632 553 687 nou
570 620 840 710 promoveatur,
866 607 941 684 nisi
964 608 1202 687 ruminatur.

340 762 435 828 itam
467 760 562 847 quod
593 756 708 829 nulius
739 754 1090 829 baccalariamlorum
1126 758 1295 831 facultati

248 884 374 954 artium
396 889 701 973 praesentaretur,
727 876 796 945 nisi
820 877 858 943 in
888 876 995 948 libri·
1023 880 1069 948 ab
1095 880 1178 974 ipso
1198 880 1300 953 amli-

247 1008 294 1077 tio
313 1029 333 1071 a
352 1005 486 1072 ciccano
507 1010 544 1068 ot
567 1001 648 1068 aliis
685 998 985 1069 examinatoribus
1022 996 1241 1075 aiaminatai
1259 1009 1300 1071 et

140 1122 145 1129 ’
247 1132 392 1199 idoneus
408 1129 507 1213 Juxta
532 1123 620 1191 dicti
641 1123 773 1215 gradui
793 1123 1010 1215 exigentiam
1040 1126 1088 1195 sit
1116 1132 1300 1219 repertur.

739 1292 804 1366 21.

475 1426 557 1531 Iluro
581 1431 760 1507 concernit
770 1425 858 1535 jorn
876 1443 1073 1535 promotos,

340 1578 435 1649 ltem
467 1577 505 1648 in
533 1579 645 1671 piena
672 1578 954 1673 congregatione
996 1558 1176 1651 inanitatis
1210 1602 1296 1655 nous

249 1706 405 1779 corditer
433 1713 602 1774 statutum
623 1705 693 1775 fuit
705 1756 716 1791 ,
744 1705 840 1796 quod
871 1703 1005 1797 singuli
1035 1704 1231 1775 bananiarii
1262 1710 1300 1775 at

250 1831 415 1924 magistri
441 1831 488 1900 ad
508 1831 629 1900 missos
650 1831 893 1902 univcrsitatis
929 1839 967 1900 ot
994 1833 1041 1902 ad
1067 1832 1193 1901 mium
1223 1831 1298 1901 ani·

252 1965 439 2025 manumet
462 1956 509 2023 ad
535 1963 630 2025 antus
647 1957 822 2026 solemnes
843 1955 1052 2041 facultatis,
1090 1957 1231 2027 scilicet
1253 1953 1300 2024 ad

178 2068 183 2075 ’
250 2078 507 2174 disputationes
527 2083 796 2176 magistrorum,
824 2091 860 2151 et
894 2084 1033 2173 quando
1064 2086 1142 2173 quis
1172 2083 1299 2152 bacca-

251 2210 397 2279 lariatus
425 2207 482 2274 vol
504 2206 702 2298 magisterii
724 2206 870 2297 gradum
890 2209 1005 2291 sumit,
1031 2207 1161 2297 absquo
1182 2206 1301 2275 tabar-

248 2337 294 2405 do
326 2336 385 2404 uel
410 2332 536 2403 habitu
566 2333 618 2402 sui
642 2333 774 2425 gradus
798 2333 918 2399 venire
940 2340 976 2399 et
999 2354 1074 2401 esso
1103 2354 1176 2401 non
1192 2329 1301 2425 deba

248 2465 355 2543 bunt,
384 2460 448 2527 sub
466 2483 582 2550 poena
615 2457 825 2551 privationis
855 2456 954 2542 loci,
992 2462 1034 2527 et
1060 2453 1196 2527 ordinis
1229 2456 1300 2527 ribi

249 2587 451 2662 debitorum
475 2608 542 2677 pro
566 2583 632 2653 illa
652 2583 762 2671 vioe„

740 2738 807 2817 22.

419 2984 422 2989 .
558 2877 761 2988 Antiquam
784 2894 982 2961 statutum.

343 3038 439 3106 Item
465 3035 561 3125 quod
579 3034 773 3125 quicunque
802 3035 1055 3128 magistrorum
1086 3026 1297 3123 praesidea-

248 3167 356 3247 tium,
383 3165 413 3233 si
434 3162 633 3245 voluerint,
660 3160 840 3252 magistris
859 3159 941 3227 aliis
960 3155 1102 3237 dicant,
1128 3145 1169 3225 ut
1190 3154 1299 3222 inter·

251 3293 322 3360 sint
346 3299 507 3382 tempora
530 3289 766 3383 promotionis
793 3280 1117 3376 magistrandorum
1141 3276 1299 3349 autbaoa

251 3412 554 3494 calariamlorum,
592 3408 773 3500 atquibus
808 3407 987 3488 dixerint,
1023 3410 1217 3473 teneantur
1250 3400 1302 3468 in·

250 3548 401 3620 teresse,
427 3537 497 3604 nisi
529 3547 610 3605 tuno
651 3537 839 3607 habuerint
871 3528 1126 3602 rationabilem
1159 3498 1302 3623 anniam

250 3662 512 3757 impedimenti.

636 3860 640 3867 ·
743 3812 806 3889 23.

258 3960 317 4039 De
342 3958 440 4036 modo
470 3956 643 4037 visitandi
681 3958 936 4060 disputationes
971 3949 1306 4037 extraordinarias.

345 4117 439 4182 Item
462 4116 499 4181 in
517 4114 627 4204 plena
649 4111 929 4200 congregatione
958 4080 1143 4175 facorltatia
1171 4080 1304 4169 artium

250 4250 418 4322 statatum
452 4249 553 4320 arat,
579 4237 672 4325 quod
693 4235 738 4301 de
770 4243 891 4299 cetero
922 4250 1043 4297 onmes
1073 4225 1134 4293 illi
1168 4224 1299 4292 bacca·
