2714 4740
166 230 216 330 aa
942 292 945 300 ,
977 239 1086 315 auur.
1108 240 1173 319 m.

169 448 259 523 alios
294 444 417 514 decem
449 439 525 509 dies
558 442 744 528 sequentes
791 437 952 531 disputet
998 439 1109 521 talis,
1156 435 1217 525 qui

169 570 246 641 vult
260 566 395 659 recipi,
420 563 506 632 duas
528 559 749 650 quaestiones
778 557 818 627 in
843 559 964 649 aliquo
995 558 1056 627 die
1089 554 1218 627 festivo

166 699 252 785 post
273 687 475 782 prandium,
496 705 580 772 quus
600 679 822 770 quaestiones
839 678 954 749 faciet
973 678 1117 751 ostendi
1144 702 1219 763 osu·

92 816 95 823 “
167 812 269 884 uibus
294 807 475 901 magistris
495 804 703 897 regentibus
728 826 794 895 per
815 802 1006 887 bidellum,
1031 802 1089 871 cui
1115 800 1219 873 dabit

168 929 257 1000 duos
277 950 419 1021 grossos
447 948 515 1019 pro
545 922 675 992 salario
708 921 810 1009 hujus
838 922 989 995 laboris.
1041 920 1139 993 Item
1166 922 1219 993 in·

167 1051 223 1123 fra
253 1054 342 1127 alios
365 1052 489 1120 decem
524 1048 601 1116 dies
629 1054 835 1134 sequentes,
863 1046 1023 1139 disputet
1041 1054 1083 1117 ut
1100 1068 1220 1141 supr..

167 1176 261 1248 Item
287 1173 382 1249 infra
411 1173 501 1245 alios
528 1170 652 1237 decem
686 1168 763 1237 dies
793 1178 979 1258 sequenter
1005 1168 1131 1259 aliquo
1159 1170 1220 1241 die

168 1299 300 1371 festivo
329 1303 412 1390 post
441 1291 652 1385 prandium,
687 1288 789 1381 legat
818 1289 856 1363 in
893 1289 1018 1378 aliquo
1032 1273 1149 1367 ‚libro
1181 1270 1222 1363 ln

169 1420 304 1496 artibus
326 1418 473 1488 brevem
494 1413 709 1495 lectionem,
734 1411 831 1482 circa
866 1432 969 1500 quam
1000 1390 1229 1493 detenuinot=

170 1541 256 1615 duas
276 1539 499 1629 quaestiones
516 1535 555 1603 in
580 1532 785 1627 praeseutia
804 1531 1077 1624 magistrorum,
1102 1531 1138 1605 δι
1163 1557 1221 1607 au-

170 1662 249 1735 diat
280 1668 527 1754 opponentes,
551 1655 596 1729 dc
631 1657 676 1726 de
698 1653 858 1748 pecuniis
891 1652 1021 1728 dandis
1055 1654 1221 1746 facultati

170 1781 384 1866 &bidello‚
422 1779 519 1853 lude
553 1777 763 1872 receptione
799 1775 1020 1874 comoletive
1058 1786 1221 1852 servetur

171 1914 337 1978 statutum
360 1903 451 1972 alibi
470 1902 662 1994 scriptum.
689 1898 723 1989 ‘)
1024 1882 1026 1887 ¹

674 2041 709 2113 3.

503 2180 682 2292 Quonrodo
708 2186 890 2289 recipitur.

276 2334 406 2405 Postea
444 2334 563 2403 veniat
599 2333 645 2401 ad
693 2332 932 2431 praesentiam
967 2329 1151 2405 facultatis
1181 2332 1222 2405 iu

172 2434 452 2552 congregatione
477 2479 584 2553 super
604 2454 675 2524 hoc
701 2454 867 2541 facta‚tr
890 2455 1019 2525 doceat
1039 2454 1086 2523 de
1104 2450 1227 2547 gradu

172 2576 396 2652 &debonis
422 2577 597 2661 moribus,
625 2600 694 2666 quo
713 2576 831 2662 facto,
857 2579 888 2646 si
922 2576 1067 2671 placeat¹
1091 2573 1225 2665 nra-jori

172 2698 268 2794 parti
299 2697 481 2771 facultatis
515 2697 666 2780 artium,
702 2698 917 2791 recipiatur3
953 2698 984 2769 si
1022 2718 1109 2775 vero
1141 2722 1227 2783 nou,

172 2818 386 2898 dimittatur.
448 2819 552 2892 Idem
592 2841 676 2888 vero
707 2821 880 2917 magister
919 2831 1084 2915 receptus
1116 2820 1227 2891 dabit

171 2951 318 3026 tantum,
339 2943 430 3011 sicut
460 2964 542 3016 unus
564 2944 813 3036 magistrorum
836 2945 935 3019 istius
969 2943 1226 3027 universitatis,

171 3066 235 3140 aed
255 3076 399 3155 quatuor
420 3088 559 3158 grossos
582 3067 685 3139 dabit
706 3067 870 3156 bidello;
892 3068 980 3137 item
1005 3067 1043 3133 in
1064 3088 1135 3138 una
1149 3064 1226 3137 atis

172 3189 453 3282 congregatione
494 3190 720 3261 concorditer
760 3190 962 3262 conclusum
995 3188 1087 3272 fuit,
1126 3183 1226 3277 quod

172 3309 344 3405 uragister
373 3309 517 3380 alterius
555 3311 792 3381 universitatis
824 3312 875 3381 sio
918 3318 1104 3407 receptus,
1148 3331 1227 3383 nou

48 3458 93 3511 Do
110 3451 153 3509 ιο.
173 3431 323 3500 deberet
342 3430 559 3525 praecedere
583 3431 807 3515 licentiatos,
843 3435 874 3501 si
908 3432 968 3527 qui
994 3440 1109 3531 essent
1133 3455 1225 3505 uon·

49 3553 85 3593 ⁶⁰
103 3552 157 3597 ⁸¹¹⁰
170 3536 256 3623 'dum
287 3538 466 3644 promoti,
503 3551 693 3624 dummodo
724 3562 862 3624 tantum
903 3575 975 3626 nou
1019 3552 1226 3636 differrem,

171 3671 266 3771 quod
286 3684 426 3765 tempus
448 3672 497 3740 eis
522 3674 738 3765 assignatum
764 3685 857 3746 esset
892 3677 1055 3779 elapsum
1069 3692 1091 3770 5ι
1125 3675 1229 3745 idern

171 3790 449 3887 intelligendum
468 3800 521 3862 est
548 3792 594 3862 de
618 3794 715 3880 illis,
742 3798 801 3890 qui
831 3795 947 3871 adlluu
969 3795 1110 3869 suntin
1142 3814 1228 3865 exu-

172 3910 282 3991 mitio·

159 4100 162 4105 Ι
191 4053 474 4082 ..η-...-

213 4120 247 4203 a)
269 4127 359 4185 aerius
376 4126 520 4185 additum:
542 4119 596 4181 tol.
616 4122 663 4182 33.
