2714 4740
1149 212 1221 301 297

158 406 297 479 diendo
318 323 526 498 computum
541 399 763 490 facultatis,
767 384 1214 504 ΑΙὶιιιιιιιΕιιμΙιοὴιΙὶ,

163 544 204 602 et
232 528 454 623 Rudolphus
474 529 685 612 Mestrman‚
706 531 798 622 mgri
817 533 856 599 in
876 531 1022 612 artibus

260 652 355 721 Item
380 648 507 717 eodem
537 646 597 716 die
627 646 772 720 fuerunt
804 649 969 745 deputati
991 650 1016 729 4
1037 625 1133 747 mgni
1164 651 1212 726 ad

161 771 326 842 dandum
350 768 535 840 licentiam
572 767 766 858 legendi
754 790 792 839 sn
818 771 973 863 privato,
1013 778 1049 840 et
1084 773 1208 845 litem

158 894 448 986 recognitionum
485 898 555 963 eto.
587 889 632 956 de
668 892 813 964 natione
856 891 1069 964 Boemorum
1110 915 1206 988 mag.

151 1020 275 1090 ¹Joan.
303 1013 348 1081 de
367 1013 542 1094 Hostum,
562 1010 607 1078 de
624 1012 770 1082 natione
783 1012 960 1086 Saxonum
981 1038 1074 1110 mag.
1092 1015 1205 1086 Heus.

147 1137 376 1221 Ribbeniez,
400 1136 609 1206 donatione
638 1133 859 1207 Bavasorum
890 1158 985 1231 mag
1014 1138 1120 1208 doun.
1159 1132 1205 1201 de

156 1265 307 1332 Estauia
332 1270 368 1325 et
393 1257 439 1324 de
458 1256 600 1328 natione
618 1257 838 1334 Polonorunn
859 1280 958 1396 mag.
971 1258 1205 1349 Masqnasdus

150 1379 458 1474 Quakenbrughe.
1266 1473 1269 1476 y

253 1501 346 1568 Item
364 1502 426 1572 28
445 1500 505 1568 die
524 1503 653 1568 mensis
677 1495 844 1569 Octobris
867 1502 971 1572 Joan.
992 1498 1202 1573 Schwsrcz·

156 1632 278 1696 steten
298 1622 375 1700 det.
396 1622 459 1694 sub
482 1645 579 1712 mag.
611 1623 749 1692 doanne
773 1625 817 1696 de
838 1622 980 1693 Mutha.

252 1745 347 1818 Item
379 1744 506 1813 eodem
537 1744 600 1816 die
624 1745 743 1823 doen.
776 1741 982 1816 Stokmater'
1023 1744 1100 1827 det.
1137 1745 1200 1817 sub

102 1866 117 1928 s
150 1893 252 1962 mag.
279 1867 420 1939 Joanne
437 1870 641 1940 Altnowen.
1069 1852 1071 1859 Ι

250 1990 347 2059 Item
368 1990 502 2060 Hassco
524 1991 571 2060 de
587 1990 754 2064 Ruduioz
766 1991 849 2064 det.
862 1993 926 2064 sub
946 2012 1044 2087 mag.
1056 1990 1196 2063 Jacobo

148 2119 195 2183 de
214 2111 443 2192 Boleslawia‚
1279 2117 1284 2130 '

246 2237 338 2305 Item
375 2232 434 2308 15.
467 2237 530 2306 die
561 2237 696 2306 mensis-
721 2235 936 2307 Novembris
980 2236 1108 2305 Petrus
1148 2232 1195 2308 ds

148 2360 316 2453 Brandys
335 2364 409 2433 det.
430 2362 497 2428 sub
515 2383 611 2452 mag.
632 2353 773 2432 «Ioanne
794 2357 839 2427 de
859 2355 1004 2431 Mutila.
1140 2359 1143 2366 ’

244 2487 370 2553 Petrus
391 2484 571 2552 Advocati
589 2485 667 2554 det..
682 2483 748 2551 sub
767 2504 865 2573 mag.
885 2479 1033 2554 Albion·

244 2606 376 2674 Paulus
387 2606 430 2675 dc
443 2603 565 2674 Socha
584 2603 658 2675 det.
669 2604 734 2674 sub
742 2625 834 2696 mag,
844 2604 984 2672 doanne
994 2601 1038 2670 de
1050 2598 1196 2679 Mutua.

238 2727 333 2794 Item
360 2723 453 2818 mag.
488 2724 735 2797 Theodosious
769 2725 816 2794 de
846 2722 1012 2796 Embeke
1042 2725 1103 2795 11.
1132 2723 1193 2791 die

143 2849 275 2917 mensis
304 2849 513 2918 Decembris
540 2848 697 2918 obtinuit
724 2847 1031 2941 dispensationem
1055 2843 1194 2916 biennii

140 2976 242 3059 juxta
261 2979 429 3042 statutum
454 2992 521 3062 pm
545 2962 737 3044 Sinda-amo
758 2967 804 3036 de
829 2964 987 3038 Embek.

238 3095 331 3164 Item
360 3095 422 3168 14.
449 3093 506 3163 die
533 3096 663 3163 mensis
690 3091 848 3179 ejsudem
871 3091 1026 3160 Joanucs
1055 3083 1104 3154 de
1122 3083 1193 3158 Lis·

144 3218 225 3286 bicz
246 3218 381 3309 petivit
400 3217 678 3285 reservationem
694 3213 781 3301 loci,
801 3219 841 3281 et
853 3203 1028 3284 obtinuit.

138 3387 285 3550 Anno,
311 3489 382 3555 quo
407 3488 524 3560 supra,
548 3489 616 3561 pro
643 3462 805 3535 examine
827 3460 1190 3535 baccalatiandomm

142 3599 224 3655 ante
263 3587 395 3658 festum
432 3591 631 3660 nativitatis
667 3587 805 3660 clusini
828 3585 938 3656 electi
971 3583 1116 3656 fuerunt
1150 3585 1192 3655 iu

140 3712 401 3783 examinatores
421 3725 573 3803 quatuor
594 3714 692 3807 mgri
720 3712 768 3783 de
785 3721 938 3802 quatuos
959 3707 1189 3779 nationibus:

139 3833 184 3901 de
202 3837 346 3903 natione
372 3836 590 3904 Boemorum
606 3838 714 3909 dom.
742 3834 790 3904 de
821 3832 1040 3925 (implsu,
1058 3829 1106 3899 dc
1126 3850 1188 3898 ιιι·
1242 3853 1246 3858 ’

138 3957 236 4025 tione
254 3957 431 4030 Senonum
453 3959 570 4035 chr.
595 3958 817 4047 Ribbeuicz,
840 3956 888 4028 ds
905 3953 1050 4027 natione
1074 3950 1192 4023 Bava-
