2714 4740
96 207 99 214 ⁷
149 251 192 319 92
695 240 703 248 ”
988 234 1093 314 soar.
1113 240 1163 314 fi

150 421 221 516 risa
249 439 459 534 philosophi
485 433 697 515 authentici,
719 457 786 506 nec
814 435 954 525 aliquae
977 437 1202 526 quaestiones
1252 434 1254 479 ²

152 566 328 636 naturales
349 563 484 631 debent
507 522 631 628 (liebus
647 557 786 645 festivis
800 558 991 638 declarari
1019 560 1064 630 In
1078 559 1244 656 philo·-

154 684 283 789 sophia
304 682 434 751 morali
457 682 552 748 liber
573 670 777 762 ethicorum,
792 692 838 775 po
841 671 1020 752 laicorum
1045 689 1085 752 et
1105 705 1205 756 oeca-

155 806 369 887 nomicorum
400 827 471 873 non
513 786 648 870 debent
684 801 760 892 legi
788 802 913 870 diebus
947 803 1113 888 festivis,
1141 805 1206 875 sed

154 935 275 1002 omnia
297 930 370 1000 alia
390 927 541 996 moralia
563 935 637 993 tam
660 924 879 1007 Aristotelis,
915 948 1021 1013 quana
1051 927 1208 1008 aliorum

155 1050 457 1146 philosophorum
477 1045 760 1121 authenticorum
792 1056 943 1139 possunt
968 1048 1045 1141 legi
1079 1048 1208 1121 diebus
1235 1098 1238 1103 -

98 1207 101 1212 ·
154 1171 304 1240 festivis.
341 1170 385 1238 In
407 1168 597 1258 quadruvio
620 1185 682 1235 sex
704 1157 789 1238 libri
808 1161 979 1255 Euclides,
1002 1163 1211 1248 'arithmeti-

96 1376 100 1381 .
156 1313 219 1374 ca,
248 1289 381 1364 nsusicc
407 1285 530 1378 Muri,
564 1278 715 1385 sphaera
732 1288 950 1374 arcterialr's,
978 1292 1210 1394 perspectiva

157 1412 367 1492 consoranis,
396 1405 553 1485 theorica
579 1406 826 1510 planetarum,
850 1408 1066 1516 algorismus
1087 1412 1129 1492 de
1154 1420 1207 1494 in·

157 1537 281 1640 tegris,
294 1533 770 1638 consputuscyrensetricalis‚
793 1561 864 1606 non
877 1541 1012 1608 debent
1032 1541 1111 1639 legi
1130 1544 1209 1613 die·

18 1659 23 1670 '
160 1659 400 1752 busfestivis3
430 1662 492 1731 sed
513 1684 638 1730 ornnes
659 1662 723 1729 alii
743 1663 780 1729 in
792 1660 996 1752 quadruvio,
1018 1664 1210 1735 'dummodo

90 1776 92 1782 ¹
160 1809 233 1854 uon
255 1782 388 1854 fuerint
411 1784 456 1853 ad
482 1785 611 1876 gradus
633 1784 807 1875 deputati,
826 1792 971 1876 possunt
988 1784 1089 1877 legi3
1117 1794 1154 1855 et
1174 1787 1211 1856 ia

162 1904 276 1999 poesi,
303 1902 476 1993 quidquid
503 1903 647 1995 placet3
675 1911 711 1970 et
737 1903 856 1974 omnia
886 1905 1094 1997 supradicta
1126 1919 1209 1979 sunt

163 2025 415 2116 intelligenda,
446 2034 520 2094 tam
544 2046 611 2114 pro
634 2031 749 2115 pastu,
771 2047 877 2113 quarn
904 2027 980 2095 sine
1008 2036 1115 2119 pastu
1139 2054 1212 2102 non

163 2146 298 2214 debent
326 2146 423 2235 legi3
451 2143 518 2212 illa
547 2152 667 2211 tamen
692 2144 897 2213 conditione
921 2146 1086 2231 adjecta,
1116 2148 1213 2265 quaid

156 2268 195 2335 si
226 2267 367 2356 aliquis
360 2265 545 2335 librorum
569 2264 774 2354 legibilium
795 2266 917 2337 diebus
944 2257 1086 2336 festivis
1117 2281 1211 2343 esset

166 2386 362 2458 ordinarius
386 2378 553 2472 alicujus,
584 2383 677 2472 quod
701 2393 782 2454 tunc
808 2409 880 2456 non
908 2374 1039 2460 liceret
1060 2389 1216 2461 eundem

169 2507 247 2599 legi
269 2507 394 2578 diebus
416 2507 618 2580 celebribus
642 2528 702 2575 seu
720 2507 871 2578 festivis.
894 2510 897 2517 ’

668 2668 730 2742 41.

291 2815 386 2884 ltem
433 2838 524 2900 anno
555 2815 665 2886 1393.
714 2813 774 2884 die
817 2811 881 2907 25.
930 2815 1058 2887 mensis
1104 2816 1220 2913 Apri·

171 2937 257 3010 lis
246 2960 284 3008 ιιι
314 2938 425 3034 plena
453 2939 732 3031 congregatione
763 2939 1016 3032 magistrorum
1047 2947 1221 3013 statutum

171 3064 252 3148 fuit,
277 3061 370 3155 quod
393 3084 485 3133 nova
516 3062 687 3130 exercitia
716 3061 811 3131 circa
838 3060 967 3166 festina
996 3083 1027 3138 s.
1062 3060 1222 3157 Georgii

102 3196 104 3200 ‘
173 3197 211 3257 et
235 3186 406 3257 festums.
427 3185 560 3254 Galli
550 3207 588 3251 ιιι
611 3193 715 3252 antea
732 3192 814 3251 ante
830 3193 993 3252 octavam
1016 3160 1115 3253 aliem
1135 3191 1223 3279 post

36 3344 58 3386 μ
175 3305 273 3375 dicta
292 3307 384 3376 festa
400 3330 471 3376 non
489 3306 716 3401 incipiantur,
740 3328 785 3373 ne
801 3305 992 3397 magistros
1012 3313 1049 3373 et
1075 3306 1225 3380 studen-

122 3438 125 3445 ’
176 3440 231 3499 tes
252 3451 318 3523 per
340 3431 555 3498 mutationes
582 3429 760 3501 bursarum
787 3429 882 3497 circa
907 3427 997 3496 haec
1021 3425 1117 3496 festa
1137 3453 1224 3511 cou-

179 3561 292 3625 suetas
311 3547 395 3621 fieri
416 3558 581 3645 oporteat
602 3550 638 3620 in
658 3552 725 3623 suis
742 3551 923 3623 exercitiis
944 3547 1130 3644 impediri.
