2700 4732
1011 183 1204 307 .itv

36 441 128 490 rum
152 422 372 505 memoriam,
391 416 497 489 tune
517 414 562 487 ah
589 410 823 492 anno-1455.
840 410 1205 500 ‘decanorum-manu

41 521 107 594 vei
141 529 350 594 auctoritate
384 525 641 614 consignatam,
663 525 716 602 ‚et
748 522 782 588 si
805 523 924 593 minus
948 526 1126 610 novitate,
1170 535 1206 596 at

39 618 256 731 certitudine
281 632 318 695 et
342 621 503 694 claritate
526 623 714 713 insignem.
1089 623 1094 635 ‘

156 831 294 899 uerum
318 817 406 895 ordo
431 827 470 892 in
496 813 619 890 codice
643 827 886 916 manuscripto
911 824 972 895 hic
997 833 1069 902 ests
1106 831 1206 900 Prae·
1266 852 1269 857 ¹

47 926 154 994 inissa
176 918 376 999 calendario
403 921 450 994 ad
473 916 682 992 indicandos
708 918 801 1009 dies,
837 925 968 1016 quihus
992 932 1140 1023 negotiis
1165 928 1206 996 li·
1262 978 1265 982 Α

49 1031 185 1099 tentiis
207 1030 266 1103 vel
285 1018 579 1123 perfungendom
599 1023 660 1095 vel
674 1023 924 1098 abstinendum
936 1041 1037 1117 esset,
1051 1051 1205 1120 sequun-

50 1138 108 1199 tur
137 1138 210 1201 tres
244 1130 425 1203 tumulae·
443 1125 712 1213 testimoniales,
748 1150 836 1220 quas
868 1138 998 1200 statuta
1024 1127 1204 1225 quaedam

55 1234 247 1325 excipiunt,
296 1236 362 1304 His
388 1230 576 1320 sidajuncta
610 1237 664 1298 est
686 1235 793 1301 series
819 1225 1035 1303 decanorum
1059 1232 1206 1303 faculta-

54 1335 96 1403 tis
125 1331 321 1405 nannai>
347 1353 441 1404 anno
464 1333 576 1404 1³67.
600 1327 785 1423 usquead
809 1356 940 1404 annum
966 1338 1077 1412 1619.
1125 1339 1205 1407 Jam
1260 1325 1263 1344 ¹

55 1430 281 1528 praecedente
304 1437 498 1511 summano
513 1478 516 1487 ·
532 1432 687 1504 rubricis
711 1439 928 1527 punctisque
952 1431 1121 1509 distincto
1146 1459 1203 1509 ex-

56 1534 214 1609 hihentur
236 1544 369 1609 statuta
394 1533 586 1628 facultatis,
611 1557 631 1604 a
656 1529 791 1607 decano
815 1537 950 1610 Mathia
976 1532 1022 1607 de
1047 1541 1203 1633 hegnicz

58 1630 184 1834 w
216 1642 255 1715 9.
280 1637 447 1712 Octobris
484 1635 616 1708 electus
650 1655 690 1730 p.
715 1633 824 1729 265.)
864 1648 1042 1725 correcta,
1078 1636 1202 1715 ordine

206 1748 246 1811 et
268 1745 491 1833 conscripta,
529 1758 685 1832 quorum
718 1743 756 1809 in
790 1738 860 1809 fine
885 1746 1040 1834 epitome
1079 1766 1205 1825 eoram-

62 1833 136 1911 dnn
158 1864 249 1914 anno
276 1840 390 1918 1528.
414 1840 562 1911 collecta
587 1843 738 1922 excisus„
767 1844 900 1936 Incipit
916 1837 1073 1938 denique
1095 1850 1204 1940 regis·
1239 1836 1243 1845 '

63 1950 149 2015 uum
176 1938 311 2015 ordinis
343 1937 599 2037 graduatorum
622 1941 846 2030 hiantibus,
878 1940 977 2037 quod
1004 1941 1050 2017 ad
1072 1968 1205 2020 annum

63 2045 299 2149 ψ1585.
326 2045 488 2140 religiose
513 2048 761 2115 continuatum
787 2069 860 2116 esse
886 2043 1096 2143 gaudemus.

158 2252 283 2319 Restat
301 2255 347 2318 ut
361 2241 408 2317 de
422 2243 579 2317 editione
600 2255 715 2316 nostra
738 2267 849 2332 pauca
865 2273 1084 2322 moneamus.
1112 2255 1205 2326 Cum

67 2336 181 2417 aotlicis
211 2354 324 2421 nostri
356 2353 534 2441 scriptura
569 2343 865 2441 compendiorum
891 2353 1115 2442 plenissima,
1148 2377 1203 2424 or·

68 2445 255 2545 diagraphia
279 2446 473 2522 admodum
492 2446 632 2520 diversa
656 2458 693 2518 et
707 2453 918 2540 inconstans,
942 2462 1072 2546 passim
1097 2460 1204 2529 etiam

68 2553 227 2624 erroribus
254 2549 447 2647 depravata
480 2556 709 2626 inveniatur:
744 2557 866 2622 visum
898 2563 963 2641 est,
986 2581 1031 2630 ne
1060 2554 1206 2651 legendi

69 2641 239 2725 difficultas
273 2662 348 2726 sine
382 2655 506 2739 fructu
532 2663 722 2749 augeatur,
759 2664 885 2725 cuncta
913 2653 960 2729 ad
994 2653 1205 2733 hodiernam

70 2750 228 2827 manu
258 2763 433 2829 rationem
465 2774 657 2843 revocare,
692 2761 846 2849 exceptis
880 2763 1094 2835 nominihus.
1113 2782 1204 2858 pro·
1248 2760 1251 2772 ’

67 2858 150 2946 pn'is,
175 2870 282 2955 atque
306 2869 349 2929 ut
371 2867 514 2952 reperta
540 2869 644 2945 sunt,
671 2867 721 2930 ita
748 2880 894 2954 quoque
917 2858 1089 2950 redditis3
1123 2889 1204 2960 per·

69 2974 211 3031 mmmm
237 2967 357 3032 tamen
374 2961 679 3055 praenominibus,
705 2972 747 3031 ut
771 2972 875 3038 sunt:
901 2965 1084 3050 lohannes,
1107 2969 1202 3040 Cun.
1273 3044 1276 3051 Ι

66 3051 179 3151 sadus,
202 3061 403 3149 Michshel,
428 3059 638 3133 Berhtoldus
662 3060 729 3134 cc.
763 3068 801 3134 in
836 3070 1018 3140 usitatiora
1051 3072 1203 3156 loannis,

67 3158 221 3250 Conradi,
255 3165 465 3253 Michaelis,
490 3163 672 3237 Bettholdi
698 3157 768 3244 otc.
795 3175 984 3244 conversis.
1035 3175 1222 3243 Ceterum*

67 3262 269 3338 invocibus
301 3288 420 3360 'saepe
459 3270 724 3343 recurrentibus
760 3270 990 3362 sequentibus
1024 3270 1201 3343 scribendi

30 3418 35 3433 .
67 3362 266 3465 wmpendiis
289 3374 344 3439 uti
366 3368 523 3461 placuit:
1128 3401 1133 3412 ‘

140 3485 179 3573 d,
235 3493 312 3589 lege
330 3487 443 3571 dedit.

143 3588 205 3666 dd
260 3624 312 3652 -ὸ
336 3590 523 3674 dederunt.

142 3690 219 3776 det,
257 3733 308 3757 ι-
334 3691 594 3768 determinavit.

142 3791 228 3877 dett.
254 3834 306 3856 ·-
330 3796 663 3871 determinaverunt.

144 3923 237 3995 mag.
261 3936 312 3955 ·-
336 3906 502 3994 magister
527 3909 563 3973 iu
587 3899 750 4019 qmnibus
776 3904 865 3996 sing.
891 3924 988 3973 num.
1015 3904 1163 3979 casibus.

145 4007 308 4095 nge.-
332 4008 503 4095 magistri.
