2700 4732
173 232 237 309 12⁸

170 440 360 516 absolvent
378 452 558 529 responsa.
584 429 734 499 Postero
754 425 817 497 die
837 421 1011 517 epistolia
1030 440 1101 491 rma
1127 366 1220 493 liora

168 564 218 635 ab
235 560 398 634 omnibus
414 555 550 650 scripta
570 548 661 621 bora
686 547 802 619 ultera
834 544 1142 617 examinatoribus
1163 546 1217 619 of.

167 686 330 757 ferentur
351 690 425 762 etc,

202 838 264 919 De
286 841 457 919 erectione
472 851 539 913 cut
557 827 803 912 subtectione
823 831 863 909 in
881 824 1179 913 torcolarium.

260 983 466 1058 Examinati
486 980 624 1073 eligent
649 979 719 1048 albi
745 978 976 1070 magistrum,
1008 978 1071 1067 qui
1093 1000 1155 1049 eos
1171 978 1218 1048 tl·

164 1108 241 1180 tulo
262 1106 520 1178 baccalariatus
540 1103 673 1172 donare
696 1109 829 1194 posset,
851 1100 912 1189 qni
931 1100 1066 1170 electus
1087 1114 1215 1195 petere

105 1258 112 1279 ³
164 1229 275 1298 debet
307 1227 377 1297 sibl
402 1224 611 1294 facultatem
642 1212 881 1314 congregari,
918 1243 988 1310 qua
1023 1204 1217 1317 congressa

163 1349 283 1420 adibit
300 1346 491 1439 magistros
507 1340 689 1413 facultatis
708 1342 745 1409 in
759 1342 875 1434 pallio
902 1346 963 1410 aut
984 1342 1215 1435 insigniorem

162 1467 383 1549 examinatis,
400 1487 441 1534 nc
464 1463 585 1557 cupiet
604 1467 821 1555 potestatem
844 1460 913 1530 sibi
936 1462 1016 1531 dari
1038 1484 1100 1533 eos
1132 1464 1214 1537 titu-

162 1592 202 1661 lo
222 1588 480 1661 baccalariatus
513 1582 675 1655 donandi
705 1590 764 1652 aut
796 1582 1074 1661 determinandi.
1134 1590 1213 1679 Quo

161 1709 325 1781 absoluto
350 1682 569 1799 rogabuntur
592 1702 785 1775 examinati
812 1704 875 1772 sub
899 1706 1121 1777 conscientia
1145 1726 1213 1805 pc'r

161 1830 334 1900 decanum
356 1828 415 1897 vel
445 1829 624 1897 seniorem
649 1827 875 1918 magistrum,
907 1851 953 1897 an
980 1828 1096 1901 libros
1129 1852 1211 1925 gra·

160 1951 248 2022 dum
273 1949 530 2021 baccalariatus
559 1959 763 2043 spectantes
784 1949 996 2037 audiverint,
1026 1974 1211 2047 responsa·

160 2093 232 2163 que
251 2072 432 2166 magistris
452 2081 489 2139 et
507 2070 719 2139 baccalariis
742 2071 789 2139 ad
812 2071 1032 2165 sophismata
1053 2082 1091 2142 et
1107 2095 1209 2164 quus·

160 2180 298 2265 stiones
321 2193 502 2270 dederint.
528 2191 660 2281 Quodsi
681 2193 772 2262 haec
791 2191 919 2262 fecisse
934 2196 1210 2289 comperientur,

161 2339 184 2387 a
207 2328 399 2411 conspectu
421 2315 601 2387 facultatis
621 2316 668 2385 ad
692 2326 832 2409 tempus
850 2339 928 2388 cum
954 2319 1130 2412 magistro
1148 2318 1207 2389 suo

159 2440 421 2513 alienabnnnr.
471 2439 516 2507 ln
539 2462 688 2530 quorum
707 2439 868 2527 absentia
894 2438 1048 2509 facultas
1070 2439 1205 2511 delibe-

158 2560 270 2643 rabit,
285 2584 330 2629 an
349 2562 574 2654 reperiantur
587 2561 706 2649 aliqua
720 2561 993 2655 impedimenta,
1017 2584 1110 2653 quae
1125 2582 1202 2657 poc·

160 2690 242 2751 serit
260 2682 416 2772 aliquem
443 2704 465 2749 a
489 2680 604 2773 gradu
624 2682 829 2770 hujusmodi
858 2684 1054 2769 retrahere,
1087 2694 1145 2757 aut
1171 2682 1200 2753 sl

158 2805 238 2894 quis
258 2802 476 2896 singillatim
498 2802 632 2873 habeat
656 2805 798 2894 aliqua,
830 2806 956 2896 quibus
984 2790 1107 2901 posset
1138 2804 1201 2875 ali·

158 2950 277 3017 quem,
293 2949 339 2995 ne
364 2936 635 3019 promoveatur,
661 2928 849 3022 impedire.
897 2929 939 3000 Si
962 2942 1082 3000 autem
1110 2916 1207 3001 nibll.

156 3049 284 3121 talium
302 3048 458 3121 auditum
478 3049 598 3134 fucrit,
613 3051 837 3121 revocabitur
848 3053 1020 3144 magister
1032 3076 1112 3122 cnm
1123 3072 1212 3125 exa-

158 3169 331 3256 minatis,
361 3194 602 3267 responsaque
631 3173 666 3243 ei
704 3175 950 3269 competentia
977 3200 1001 3247 a
1031 3176 1219 3261 fscnutq

157 3288 353 3365 dabuntur·

252 3411 297 3481 ln
317 3414 411 3486 hunc
432 3402 580 3490 modum
600 3418 764 3513 suscepti,
786 3418 945 3508 quilibet
971 3419 1113 3493 illorum
1133 3436 1221 3511 per

156 3531 330 3606 decanum
352 3538 506 3607 monitus
524 3538 762 3636 pollicebitur
784 3544 954 3613 articulos
976 3543 1071 3615 infra
1088 3518 1220 3635 scrip·

156 3666 214 3725 tos
236 3666 274 3724 et
294 3657 367 3727 clia
396 3661 581 3732 statuenda
599 3663 750 3755 gradum
778 3663 885 3737 illum
913 3666 1126 3763 spectantia,
1143 3644 1220 3733 in}

156 3776 380 3850 violabiliter
408 3782 502 3871 quod
526 3793 648 3854 tenere
679 3786 783 3864 velit.
827 3810 830 3828 ·
1202 3778 1207 3783 ’

260 3892 416 3976 Primum
447 3886 635 4002 antequam
663 3908 771 3983 titulo
804 3908 1005 3994 donabitur,
1036 3912 1217 4007 recepto·
