2714 4740
31 264 34 271 '
148 270 213 345 105
275 274 276 281 ’
622 294 626 303 1
691 328 694 332 s
927 258 1158 362 ‘'liubnssx.

151 465 329 540 fueritin
353 461 534 535 habitibus
565 457 699 542 venire,
736 457 899 547 veniant3
926 457 1060 528 deinde
1079 462 1209 568 magi.

153 588 219 667 stri
243 588 280 656 in
305 586 441 656 artibus
479 580 669 653 secundum
701 580 839 649 senium
870 602 984 657 suum.
1010 622 1013 627 ·
1038 563 1211 653 cursores

155 727 241 778 vero
272 709 310 776 in
335 705 534 796 theologia,
558 703 589 771 si
615 707 691 773 sunt
715 701 879 793 magistri
914 702 1128 786 inertibus,
1157 726 1212 773 se·

155 827 306 900 cundum
328 829 464 896 senium
486 824 685 917 magisterii
711 823 749 891 in
771 822 905 890 artibus
924 821 1082 891 habeant
1104 824 1213 918 loea3

86 1009 88 1016 .
154 952 189 1020 si
212 974 297 1020 vero
320 951 391 1036 non
407 954 489 1017 sunt
512 943 675 1036 magistri
697 944 735 1010 in
761 943 907 1024 artibus,
924 941 1085 1011 habeant
1106 966 1216 1037 prae-

57 1076 60 1081 ’
159 1069 251 1140 dicti
270 1066 428 1136 cursores
448 1067 487 1133 in
515 1064 702 1156 theologia
723 1064 803 1131 loca
828 1062 922 1131 inter
948 1061 1146 1155 magistros
1175 1065 1217 1133 in

160 1190 295 1261 artibus
311 1190 499 1279 secundnm
516 1190 666 1280 temous,
691 1209 760 1276 quo
778 1193 1055 1277 promoventur3
1082 1186 1115 1253 si
1135 1207 1215 1256 cnr·

154 1333 218 1380 ¹eor
245 1311 344 1400 prius
370 1317 554 1399 promotus
582 1307 702 1387 fuerit,
730 1327 834 1394 quam
858 1303 1040 1394 magister,
1061 1329 1216 1399 praece.

53 1433 56 1438 '
161 1432 237 1513 dat,
263 1431 409 1522 sipost,
436 1439 621 1518 sequatur3
649 1429 784 1496 deinde
801 1426 981 1494 licentiati
1004 1426 1042 1495 in
1064 1429 1220 1502 artibus,

163 1553 296 1625 deinde
318 1552 513 1621 baccalarii
544 1552 694 1620 aliarum
724 1549 933 1618 facultatum
965 1547 1128 1617 habeant
1157 1573 1217 1621 or·

165 1675 289 1742 dinem
312 1673 501 1741 secundum
523 1673 690 1742 ordinem
717 1692 853 1737 suarum
885 1668 1109 1761 facultatum,
1143 1670 1218 1744 hoc

165 1795 324 1888 proviso,
352 1794 446 1882 quod
466 1793 582 1866 nullus
612 1795 721 1862 intret
751 1791 945 1860 concilium
969 1794 1218 1865 universitatis

167 1916 391 1999 antedictae,
424 1916 495 1983 nisi
513 1917 560 1984 sit
588 1915 757 2006 magister
783 1914 910 1982 doctor
931 1914 1080 2003 alicujus
1101 1915 1220 1988 facul·

169 2037 254 2106 tatis
288 2037 504 2110 antedictae.
557 2036 630 2105 Ista
661 2037 839 2106 ordinatio
873 2036 1061 2128 redigatur
1082 2039 1123 2107 in
1147 2050 1220 2109 sta-

169 2168 282 2232 tutum
303 2159 552 2256 universitatis,
574 2170 610 2227 et
635 2182 703 2251 pro
735 2169 863 2228 statuto
889 2157 1075 2245 habeatur,
1101 2170 1140 2230 et
1165 2173 1222 2233 te·

169 2294 294 2352 neatur
324 2283 386 2350 sub
424 2305 542 2373 poena
574 2282 1033 2364 commutandorum,
1066 2306 1221 2372 quorum

169 2403 344 2481 medietas
366 2403 629 2492 praedictorum
656 2404 867 2472 florenorum
891 2405 1010 2469 veniat
1035 2405 1138 2496 parti
1160 2405 1223 2474 vel

169 2525 331 2617 partibus
363 2523 517 2591 servanti
551 2525 610 2590 vel
642 2522 882 2610 servantibus3
924 2523 997 2590 alia
1032 2544 1121 2592 vero
1148 2548 1224 2594 me·

170 2644 287 2712 dietas
306 2647 426 2711 veniat
450 2668 517 2735 pro
538 2645 768 2716 universitate
794 2645 988 2723 antedicta.
1037 2647 1117 2733 Qua
1136 2671 1225 2740 pro·

171 2765 400 2836 nunciationc
426 2765 523 2834 facta
553 2766 714 2836 dominus
738 2777 858 2837 rector
885 2766 1072 2856 requisivit
1096 2790 1224 2839 omncs

176 2896 214 2956 et
236 2888 392 2978 singulos
420 2890 610 2980 magistras
634 2890 848 2981 praedictos,
869 2903 984 2959 utrum
1005 2893 1224 2983 pronuncia·

175 3008 311 3079 tionem
331 3010 447 3102 ipsam
473 3013 587 3080 velint
601 3015 815 3106 approbare,
832 3015 890 3102 qui
915 3013 1032 3105 ipsam·
1045 2990 1134 3080 mox
1160 3037 1225 3106 ap·

174 3132 418 3223 probaverunt
444 3141 480 3199 et
503 3126 806 3224 omologaverunt,
829 3144 1011 3221 ratamque
1027 3142 1064 3199 et
1077 3145 1227 3223 gratam

174 3250 397 3338 habuerunt,
423 3265 530 3347 prout
559 3258 597 3323 in
628 3259 764 3350 scripto
792 3256 938 3348 publico
975 3278 1083 3347 super
1120 3280 1226 3350 prac-

175 3374 282 3443 missa
304 3372 558 3446 convocatione
578 3402 645 3472 per
677 3381 855 3448 Joannem
881 3377 1058 3446 notarium
1082 3379 1227 3449 univer·

176 3496 291 3564 sitatis
309 3498 525 3590 conscripto,
550 3522 629 3572 cum
650 3503 778 3566 ceteris
803 3497 1030 3572 munimentis
1051 3497 1230 3570 universi·

176 3618 260 3685 tatis
284 3619 454 3709 reposito,
477 3621 618 3712 plenius
644 3624 860 3698 continetur.
