2700 4732
109 454 198 524 darn
222 442 269 515 de
296 434 451 518 Zuzaco,
474 390 692 502 biccelatius
725 422 970 525 Eriordensir,
986 441 1158 528 recept..

79 542 82 547 Ι
109 583 171 645 est
183 566 230 640 ud
257 561 463 634 facultatem
487 552 614 623 artium
633 549 821 619 secundum
841 548 997 624 formam
1011 556 1154 653 statutt,

113 707 151 768 ct
172 686 276 765 dedit
288 686 431 752 bursam
448 673 613 746 facultati
636 674 688 746 20
706 689 922 763 grossorum.

208 811 303 882 Item
334 808 396 877 22.
430 800 491 868 die
526 798 656 865 mensis
682 796 843 881 ejusdem
876 817 971 889 mag.
1004 795 1157 889 Journea

115 940 250 1014 Artsen
283 923 440 995 obtinuit
472 919 771 1010 dispensationem
803 917 941 986 biennii
970 920 1157 991 secundnm

114 1058 269 1129 formam
292 1047 415 1118 statuti
438 1064 506 1136 pro
522 1060 620 1129 mag.
645 1036 807 1106 Henrico
827 1038 872 1106 de
897 1037 1095 1131 Popardiun.

213 1170 307 1241 Item
327 1164 453 1235 eodem
478 1159 536 1229 die
562 1179 661 1249 mag.
683 1155 834 1227 Duchko
865 1156 915 1251 de¹
942 1158 1073 1230 Hoska
1101 1160 1157 1237 ob·

118 1295 224 1369 tinuit
243 1291 454 1362 dilationem
482 1277 791 1355 determinationis
811 1302 881 1374 pro
902 1276 1102 1374 Czayclran
1120 1280 1159 1351 de

119 1415 289 1510 Hndag.

120 1592 266 1754 Anno,
285 1682 358 1753 quo
382 1679 499 1752 supra,
523 1657 672 1727 sabbato
704 1655 901 1728 inmediate
926 1658 1161 1752 praecedente

120 1794 251 1864 festum
290 1804 325 1854 s:
346 1781 497 1853 Joannis
527 1782 726 1872 Baptistae,
755 1781 833 1849 scii.
853 1780 920 1853 235
945 1781 1005 1849 die
1025 1781 1155 1851 mensis

121 1911 234 1994 Junii,
253 1906 349 1974 facta
368 1901 644 1992 congregatione
657 1900 838 1969 facultatis
857 1902 918 1970 sub
934 1898 1002 1969 bac
1022 1898 1161 1980 format

123 2031 300 2121 Magister
320 2019 537 2096 reverende!
564 2022 641 2090 sitis
668 2022 779 2092 hodie
813 2022 904 2094 hora
934 2023 994 2095 17.
1012 2026 1052 2095 in
1081 2046 1160 2093 con·

121 2150 333 2250 gregatione
345 2143 526 2214 facultatis
541 2141 587 2211 ad
611 2143 814 2234 eligendum
834 2144 1096 2238 disputaturum
1117 2146 1159 2215 de

124 2273 286 2367 quolibet
303 2264 496 2339 secundum
513 2263 663 2334 sormam
683 2268 806 2335 statuti
829 2291 923 2339 anno
944 2290 1011 2360 pto
1036 2269 1160 2354 futuro,

126 2393 191 2463 sub
217 2414 334 2486 poena
360 2389 386 2461 4
418 2408 626 2480 grossorum,
654 2395 692 2455 et
716 2411 788 2456 non
816 2389 1104 2481 contradicendi3
1128 2394 1162 2459 iu

127 2537 198 2606 qua
224 2513 369 2602 quidem
391 2508 669 2601 congregatione
697 2513 832 2580 electus
851 2509 925 2579 fuit
951 2510 1161 2595 honorabilis

128 2637 197 2721 vir,
225 2654 320 2724 mag.
344 2631 521 2699 Henricus
552 2632 596 2699 de
619 2654 647 2704 s.
673 2632 797 2716 Gallo,
816 2632 1008 2704 secundum
1030 2636 1160 2706 modun

129 2754 169 2823 in
190 2757 319 2821 statuto
337 2746 491 2840 desuper
510 2748 607 2818 facto
628 2772 840 2844 expressum,
865 2753 926 2821 cni
948 2776 1011 2824 suu
1040 2754 1159 2825 electio

128 2875 197 2946 tuit
222 2873 396 2943 insinuata
429 2872 553 2941 eodem
577 2874 636 2942 die
660 2879 782 2943 statim
811 2897 878 2969 per
897 2877 1091 2969 magistros
1109 2874 1159 2945 de·

128 3004 274 3092 putatos
300 3018 320 3062 a
339 2993 521 3077 facultate,
543 2996 624 3074 scil,
648 2997 993 3089 machrzibisslaus
1019 3009 1057 3069 et
1076 3022 1158 3093 mag.

129 3123 284 3192 «Ioannes
317 3119 525 3202 Aitnawer,
557 3118 617 3206 qui
638 3120 896 3188 deliberatione
916 3130 1068 3215 accepta
1088 3132 1158 3191 autc

127 3261 289 3313 occasum
308 3238 392 3307 solis
411 3262 482 3307 non
498 3240 721 3330 acceptavit,
738 3239 801 3311 sed
827 3239 1015 3329 decanum,
1034 3252 1074 3313 ut
1098 3240 1155 3313 sibi

128 3362 832 3454 faceretcongregationem,requisivit,
862 3366 900 3434 in
933 3387 1001 3456 qua
1032 3386 1157 3435 excusa·

128 3486 276 3564 tionem,
300 3490 338 3547 ut
363 3481 536 3563 crederet,
552 3483 677 3565 ¹veliet
695 3486 879 3578 assignare
904 3486 1156 3569 rationabilem,

130 3628 199 3698 qua
223 3601 369 3700 quidem
408 3608 687 3695 congregatione
727 3606 823 3678 facta
854 3604 918 3681 25.
953 3606 1016 3677 die
1041 3586 1166 3693 menti

132 3723 289 3815 ejsudem
314 3724 494 3802 excusatio
528 3724 703 3817 praedicti
730 3727 826 3817 mgri
851 3750 925 3823 non
948 3726 1022 3795 tois
1040 3730 1158 3821 appio·

131 3849 230 3918 bata·
280 3842 370 3915 ldeo
388 3842 541 3915 decanus
564 3858 728 3941 protunc
745 3870 867 3919 coram
889 3857 968 3939 tota
992 3826 1161 3929 tecuae}

133 3969 253 4086 eidem
277 3965 559 4087 disputationem
590 3969 637 4040 dc
660 3970 823 4065 quaslibet
843 3970 1022 4061 injunxit,
1047 3970 1162 4109 ῑοίψύ
