2700 4732
134 279 243 361 liubx,
258 278 305 358 ΙΙ.

583 472 625 544 7.

173 609 283 724 Quod
301 607 421 700 nullus
446 605 546 687 delet
568 607 738 695 adnitor,
762 609 837 692 nisi
860 606 1041 692 audiverit

488 730 598 812 libros
622 753 721 816 suos,

175 880 270 950 item
297 905 390 952 anno
418 881 561 955 Domini
588 881 701 959 1572.
733 875 1030 954 tartanensis
1054 875 1131 945 An·

91 1002 180 1096 grati
214 1006 418 1073 conclusum
447 1004 526 1085 fuit,
554 1004 648 1092 quod
679 1001 796 1072 nullus
821 993 1037 1068 scholarium
1066 997 1129 1064 de·
1186 999 1188 1007 ’

93 1115 171 1192 beat
205 1125 348 1194 admitti
376 1128 414 1194 in
443 1129 604 1199 examine
638 1149 706 1219 per
737 1123 1018 1205 examinatores,
1056 1117 1140 1192 nisi·
1240 1199 1245 1205 ἢ

96 1247 264 1339 complete
293 1257 329 1327 et
355 1247 503 1340 publice
525 1249 639 1318 libros
660 1222 711 1317 ‘ad
730 1247 882 1338 gradum
911 1245 1129 1316 baccalaria·

97 1371 146 1436 tus
172 1372 407 1440 essentialiter
443 1371 633 1461 requisitos
670 1371 708 1438 in
739 1370 897 1463 collegio
932 1365 995 1463 (⁴¹)
1032 1365 1130 1439 andi·
1220 1374 1226 1393 ”

101 1487 208 1571 visset,
233 1514 303 1559 non
329 1493 495 1560 obstante
522 1492 839 1583 correspondentia
863 1491 900 1558 in
922 1491 1003 1560 aliis
1027 1489 1133 1558 libris

103 1603 231 1698 liabita3
251 1613 344 1703 quod
367 1624 532 1681 statutum
551 1620 681 1706 postea
701 1616 738 1682 in
759 1615 831 1681 alia
854 1612 1135 1704 congregatione

106 1727 150 1797 sic
165 1732 224 1804 luit
250 1745 457 1815 correctum,
485 1736 589 1822 quod,
627 1736 686 1803 ubi
704 1733 875 1814 liabetur,
903 1732 998 1822 quod
1018 1732 1135 1800 nullus

110 1843 200 1920 debet
218 1855 358 1922 admitti
370 1856 413 1923 ad
426 1877 580 1937 examen,
593 1855 661 1922 nisi
676 1853 789 1923 libros
812 1858 857 1921 ad
867 1853 1017 1944 gradum
1032 1852 1136 1920 illum

111 1973 277 2058 requisitos
309 1978 489 2073 complete
522 1988 558 2047 et
593 1978 739 2070 publice
772 1975 987 2058 audivisset,
1024 1974 1134 2045 debet

113 2092 184 2176 poni
211 2094 289 2166 loco
318 2100 417 2166 vocis
450 2100 486 2167 in
515 2101 696 2193 collegio,
723 2099 759 2165 in
781 2099 1041 2182 universitate,
1069 2099 1136 2165 sci·

114 2203 184 2280 licet
205 2219 296 2306 quod
322 2221 470 2311 publice
494 2221 532 2289 in
556 2220 786 2288 universitate
814 2220 1033 2306 audivisset,
1067 2217 1138 2284 ibi·
1243 2234 1250 2255 i

116 2328 180 2402 den
209 2350 322 2408 autern
346 2341 622 2432 interpretatum
645 2339 734 2423 fuit,
775 2340 868 2429 quod
889 2339 981 2406 ill-ud
1006 2339 1161 2455 dicitur,

120 2453 245 2542 publice
274 2462 353 2554 legi
383 2463 420 2529 in
449 2462 703 2548 universitate,
738 2462 832 2551 quod
862 2461 1047 2529 intimatur
1070 2472 1157 2558 pu-'

120 2569 196 2644 blica
220 2582 255 2649 in
278 2567 520 2668 auriversitate,
547 2592 583 2651 et
603 2583 738 2677 legitur
757 2585 802 2653 ab
824 2583 913 2665 illo,
939 2584 998 2674 qui
1024 2592 1078 2651 est
1099 2584 1139 2651 in
1164 2649 1170 2659 ,

117 2696 340 2788 universitate,
367 2716 403 2773 et
424 2706 642 2788 addebatur,
670 2706 741 2775 nisi
764 2713 857 2773 esset
882 2705 936 2792 ita
956 2703 1138 2774 excellens

119 2825 149 2882 ti
172 2825 309 2898 idoneus
342 2829 472 2918 aliquis
485 2841 511 2914 ‚''
538 2828 631 2922 quod
675 2827 968 2912 examinatoribus
1005 2828 1050 2896 de
1080 2850 1140 2896 eo·

118 2935 182 3014 (lem
216 2962 408 3043 appareret
441 2953 551 3043 digna
590 2958 627 3017 et
656 2950 834 3019 sufficiens
876 2951 993 3039 quoad
1035 2948 1141 3018 illum
1219 2952 1223 2966 ’

117 3068 244 3151 madum
265 3073 520 3164 praesumptio,
533 3079 568 3138 et
591 3071 767 3162 magistris
785 3071 822 3136 in
834 3071 993 3160 collegio
1006 3069 1053 3158 **)
1073 3089 1140 3166 pu·

119 3181 195 3258 blice
211 3194 474 3292 disputantibus
499 3193 612 3266 sexies
635 3193 681 3268 ati
704 3193 818 3264 minus
846 3191 899 3264 ad
917 3189 1141 3283 sophismata

119 3320 353 3406 respondisset,
389 3329 444 3403 ter
475 3315 657 3390 ordinarie
689 3314 736 3382 ad
767 3314 906 3401 minus3
942 3311 1014 3382 fuit
1044 3314 1141 3382 enirn
1224 3319 1227 3325 '

120 3439 345 3526 magistrorum
360 3439 536 3508 motivum
562 3449 598 3506 et
620 3438 722 3505 istius
744 3438 892 3510 statuti:
919 3439 1017 3525 quod
1038 3444 1139 3531 post·

121 3575 206 3642 quam
225 3561 401 3634 scholares
417 3560 697 3631 admittebantur
717 3565 867 3655 propter
889 3556 1085 3628 carentiam
1103 3554 1141 3626 in

120 3672 275 3766 aliquibus
294 3681 417 3766 libris,
443 3684 496 3752 ita
517 3683 614 3775 quod
639 3683 810 3773 jurabant
842 3681 955 3754 libros
989 3700 1058 3775 per
1083 3698 1143 3750 ecs

124 3808 384 3840 b-——u-—un

178 3893 233 3950 veri
256 3894 291 3946 ad
311 3887 433 3970 gradum
460 3887 668 3947 baccalarlatus
693 3886 780 3946 debet
805 3887 842 3946 ad
862 3883 1018 3947 minimum
1038 3884 1145 3987 durtrp

62 3990 64 3995 '
183 3985 212 4044 in
226 3998 413 4048 universitate
431 4009 482 4062 per
501 3991 628 4047 medium
646 4006 768 4050 aunum..
875 3984 878 3996 '

62 4144 64 4175 ἰ
137 4063 166 4154 ⁵)
197 4091 433 4162 superscriptum:
455 4091 487 4147 in
504 4090 697 4145 universitate.

62 4203 64 4230 ²
126 4166 169 4247 “l
200 4191 438 4266 superscriptum:
480 4196 513 4248 tn
532 4190 733 4248 universitate·

62 4240 316 4696 t-
