2700 4732
126 306 238 375 uuna.
260 301 293 371 1.
340 308 344 312 ’
1098 319 1144 390 37
1221 316 1224 322 ’

256 586 259 595 ,
593 497 662 596 a.
960 560 962 565 .

129 615 347 727 Deldeccui
370 629 408 695 et
432 616 690 720 magistrorum
700 615 899 718 facultatis
913 616 1103 724 promisso,
1135 672 1141 689 ι

185 767 332 836 Electus
354 763 391 831 in
411 763 581 832 decanum
598 769 633 841 et
643 749 818 848 assumens
837 769 995 840 officium
1016 766 1139 855 statim

90 888 283 957 mandante
309 883 377 952 sibi
400 883 538 951 seniore
558 882 740 952 facultatis
763 888 771 904 “
817 887 913 970 abit,
941 895 1040 978 quod·
1057 897 1139 966 0ffi.

92 1012 183 1078 cium
211 1030 309 1076 suum
341 986 507 1072 fileliter
540 1016 752 1095 exequatur,
791 1013 826 1074 et
854 1011 949 1095 quod
976 1014 1137 1106 sigillum

95 1110 275 1201 facultatis
307 1127 398 1196 nulli
432 1127 562 1196 literae
604 1131 811 1220 appendat,
856 1131 925 1199 nisi
952 1133 997 1202 de
1026 1136 1137 1228 pleno

98 1275 263 1322 consensu
294 1257 446 1338 quatuor
477 1250 727 1342 magistrorum
757 1273 824 1344 per
847 1246 1056 1327 facultatem
1080 1285 1136 1330 ar·
1252 1327 1257 1340 ,

97 1374 179 1444 tium
196 1372 242 1442 ad
259 1370 329 1440 hoc
350 1370 559 1465 specialiter
577 1395 646 1472 pro
665 1379 828 1466 tempore
850 1375 1060 1454 electorum.

596 1514 632 1584 3.

104 1635 157 1714 Dc
165 1630 374 1740 juramento
399 1636 681 1741 ucagistrorum,
718 1633 815 1739 quod
826 1639 970 1734 faciunt
994 1635 1135 1722 decano.

189 1782 320 1887 Omnes
355 1806 514 1872 quoque,
552 1783 614 1872 qui
641 1807 709 1874 pro
735 1793 899 1877 tempore
930 1800 1135 1878 praesentes

105 1903 224 1975 luserint
250 1907 287 1976 iu
313 1904 570 1988 universitate,
605 1912 640 1973 et
669 1905 829 1974 volentes
862 1913 942 1979 actu
955 1921 1135 2019 νΓ-(Έςιιῒθει

571 1998 575 2006 ·
603 1991 953 2020 m*-

107 2050 189 2129 esse2
214 2026 271 2095 vel
303 2026 484 2122 reputari,
520 2027 734 2120 promittant
763 2025 897 2096 decano
924 2028 1004 2100 data
1032 2056 1136 2107 manu

54 2203 56 2245 ;
107 2147 370 2229 chananae,
397 2145 491 2235 quod
512 2148 559 2214 ad
589 2147 699 2239 ipsius
728 2152 949 2219 vocationem
979 2151 1135 2237 venient,

54 2254 60 2365 l
110 2269 368 2358 quandocunque
402 2292 469 2360 per
506 2270 620 2360 ipsum
661 2277 720 2335 aut
759 2271 916 2338 nuntium
954 2271 1135 2344 facultatis

109 2389 226 2460 fuerint
248 2386 433 2474 accersiti,
471 2391 532 2457 vel
562 2390 702 2458 solvant
723 2409 895 2480 poenam,
933 2391 961 2457 si
986 2416 1057 2460 non
1077 2416 1166 2470 ve«,
1285 2429 1288 2433 ·

108 2512 192 2581 uiuit
213 2513 493 2583 advocationem
514 2511 711 2598 indictam3
739 2512 848 2578 etiam
869 2512 963 2599 quod
984 2514 1028 2582 de,
1055 2539 1136 2587 con·

66 2690 69 2695 .
109 2635 183 2703 cilio
203 2638 259 2705 vel
274 2636 526 2705 convocatione
545 2644 713 2727 proterve
731 2634 789 2700 vel
811 2623 1137 2727 contemptibiliter

112 2782 171 2828 nou
189 2759 367 2841 recedant,
388 2758 462 2825 sine
484 2740 633 2824 licentia
646 2755 772 2823 decani
792 2757 954 2851 speciali,
967 2761 1029 2827 sub
1050 2781 1137 2854 poef
1177 2760 1180 2764 ’

109 2902 146 2952 ua
163 2884 266 2954 trium
280 2904 494 2976 grossorum,

189 3007 282 3076 Item
303 3003 400 3093 quod
426 3001 541 3071 nullus
561 2997 608 3069 de
630 2995 698 3071 hoo
719 3009 898 3083 causetur,
939 3002 968 3070 si
988 3010 1138 3095 propter

111 3128 330 3223 insigniorum
354 3126 549 3194 carentiam
569 3147 628 3192 sua
659 3105 728 3192 von
747 3148 813 3216 per
842 3124 1010 3191 decanum
1034 3125 1140 3194 fuerit

110 3250 297 3327 condicta,
324 3249 384 3316 vel
415 3249 494 3340 ipse
522 3247 632 3314 etiam
657 3258 807 3338 propter
838 3243 954 3313 hoca
984 3245 1140 3316 concilio
1266 3254 1269 3261 '

111 3373 328 3460 inludetur,
355 3369 444 3436 item
474 3367 571 3456 quod
600 3375 736 3437 secreta
757 3365 849 3434 velit
877 3374 1020 3451 tenere,
1049 3387 1140 3458 quae

113 3493 250 3567 caenis
274 3490 504 3589 prohibuerit
520 3491 697 3571 revelare,

601 3631 637 3706 4,

441 3772 502 3855 De
526 3770 644 3873 officio
670 3763 803 3852 decani.

193 3932 351 4003 Decaum
372 3922 505 3993 habeat
527 3944 752 3993 communem
787 3912 921 3986 librum
951 3903 1140 3991 facultatis,

115 4076 204 4143 quem
232 4077 311 4122 cum
338 4051 418 4120 aliis
443 4047 511 4114 sibi
534 4044 728 4114 commissis
750 4038 926 4109 custodiat
947 4031 1146 4100 'secundum

114 4174 338 4259 iumentum
360 4189 673 4268 pracoxprcssum,
710 4165 749 4234 in
771 4184 841 4253 quo
863 4157 973 4226 debet
992 4164 1072 4220 acta
1093 4148 1145 4217 fa·

655 4286 679 4360 4
